2706 4770
427 304 491 422 ar
516 353 747 423 tuorem.
1057 385 1114 433 m

67 491 111 558 lu'c
138 485 220 555 liber
246 486 448 572 obvenerat,
477 482 675 553 laudabilem
701 484 799 552 etiam
829 498 927 579 atque
954 489 1115 561 eruditam

63 618 184 688 operam
194 594 228 660 in
243 616 278 661 se
292 605 522 685 suscepturum
533 591 689 685 putabat,
707 592 733 659 si
745 592 828 658 vitas
837 591 879 660 ad
891 593 1115 690 chronologiae

62 699 158 794 legem
164 701 315 794 apposite
324 699 430 791 magis
443 697 647 791 disponeret,
658 697 779 790 partim
789 698 958 767 inscientia
967 702 1114 792 artificii,

63 831 126 900 quo
138 821 249 874 auctor
263 806 299 872 in
313 829 374 872 suo
389 827 489 897 opere
506 802 679 871 condendo
689 826 767 870 usus
781 817 866 889 erat,
880 805 1033 900 quodque
1045 802 1058 890 (
1070 810 1115 878 fe·

63 910 203 981 licissim
224 904 372 996 eventu)
389 907 480 977 nulla
496 933 702 1001 quacumque
726 909 953 979 immutatione
978 912 1112 984 inducta

62 1015 172 1086 aboleri
187 1040 325 1111 prorsus
343 1029 480 1110 poterat.
499 1015 577 1083 Non
586 1016 672 1083 enim
686 1015 799 1108 Nepos
807 1016 842 1082 in
852 1015 904 1085 his
920 1018 1010 1103 vitis,
1020 1020 1110 1091 arida

62 1123 193 1216 quadani
210 1123 431 1218 posteriorum
453 1121 706 1190 Chronistarum
724 1118 907 1214 diligentia,
929 1122 962 1190 id
983 1140 1112 1218 egerat,
1197 1142 1201 1151 '

61 1244 92 1297 ut
106 1230 250 1322 cujusvis
264 1229 471 1322 imperatoris
489 1227 575 1296 facta
593 1241 626 1295 et
644 1250 752 1294 mores
775 1249 794 1293 a
815 1228 921 1319 prima
938 1229 1111 1321 juventute

61 1333 96 1403 ad
111 1337 185 1404 vitae
206 1337 332 1404 exitum
352 1335 449 1402 anxia
469 1358 548 1402 cura
570 1333 612 1401 ad
632 1356 736 1400 annos
756 1330 933 1424 digereret;
954 1334 1010 1402 sed
1032 1336 1113 1407 illud
1159 1413 1161 1421 ,
1227 1396 1233 1409 ,

62 1442 159 1534 padus
183 1466 272 1510 curae
296 1440 459 1527 habebat,
480 1439 624 1533 deligere
645 1463 685 1506 ex
706 1438 849 1530 cujusvis
875 1439 1112 1533 imperatorum

63 1548 133 1629 vita,
152 1573 226 1641 quae
249 1546 291 1614 ad
313 1547 519 1640 propositum
542 1569 638 1614 suum
660 1545 858 1637 pertinentia
872 1547 1013 1614 maxime
1031 1547 1113 1615 arbi-

62 1665 209 1739 traretur;
220 1677 393 1747 segregare
405 1677 485 1720 vero
499 1666 598 1769 atque
614 1650 690 1718 duta
704 1674 804 1744 opera
819 1653 957 1719 transire
973 1666 1112 1739 cuncta,

63 1782 126 1852 qua
143 1759 185 1828 ad
203 1784 276 1828 rem
298 1760 407 1828 minus
428 1759 610 1827 necessaria
630 1755 830 1824 viderentur.
852 1757 891 1822 ln
917 1755 973 1825 tali
998 1756 1111 1826 labore

63 1889 122 1933 uon
141 1881 271 1960 poterat
292 1866 420 1933 auctori
441 1888 507 1931 non
527 1863 664 1968 praeberi
678 1862 891 1955 quandoque,
912 1877 982 1931 tum
1006 1866 1038 1931 in
1062 1890 1111 1933 or·

64 1968 192 2056 risendis,
209 1987 281 2040 tum
300 1972 335 2038 in
355 1969 506 2038 finiendis
522 1959 687 2036 nonnullis
701 1969 792 2052 vitis,
804 1981 873 2034 tum
890 1993 970 2036 vero
989 1971 1022 2035 in
1041 1995 1111 2063 par-

66 2076 256 2172 tibusoperis
265 2076 464 2169 majoribus
457 2090 540 2143 inter
551 2101 585 2144 se
597 2021 847 2157 connectendis,
861 2077 1111 2166 opportunitas,

68 2206 123 2275 qua
143 2198 274 2277 arrepta
306 2183 448 2251 formam
476 2183 585 2276 operis
610 2180 946 2272 adornationemque,
976 2194 1013 2247 ut
1038 2204 1110 2248 eam

67 2286 145 2357 initio
170 2304 280 2358 mente
310 2289 537 2383 concepisset,
563 2286 689 2354 indiciis
718 2283 914 2378 quibusdam
947 2289 1112 2380 aperiret,

67 2398 383 2489 wnsemuonemque
411 2408 575 2462 certarum
602 2394 763 2486 partium,
790 2390 950 2459 industria
969 2393 1110 2487 quadam

68 2500 106 2569 tic
115 2502 367 2596 compositarum
378 2499 543 2594 proderet.
557 2497 687 2586 Quibus
703 2495 756 2565 ille
769 2496 892 2566 ordinis
907 2513 1111 2593 permutator

69 2605 137 2675 nibil
158 2607 320 2694 adversis,
340 2606 466 2701 disjecit
488 2606 706 2699 incogitanter
728 2602 874 2670 membra
897 2607 1044 2698 corporis
1065 2609 1111 2674 ita

67 2715 217 2805 qtssime
229 2712 313 2800 ficti,
331 2726 369 2780 ut
387 2726 463 2805 post
476 2734 706 2805 quamcunque
721 2704 816 2777 aliam
836 2709 956 2777 factam
976 2735 1111 2804 compo·

65 2818 203 2889 titionem
219 2845 289 2888 non
310 2832 421 2913 posset
441 2842 508 2886 non
531 2817 728 2885 monstruosi
742 2814 820 2909 quid
836 2816 932 2885 exire.
950 2817 997 2884 Ut
1009 2816 1111 2885 verbo
1191 2863 1194 2868 -

62 2921 180 3014 dicam,
201 2927 262 2995 ista
281 2924 559 3024 metamorphosi,
580 2946 679 3015 quam
699 2920 782 2989 liber
802 2921 855 2987 hic
878 2914 1017 3013 Nepotis
1041 2947 1112 3016 per·

62 3053 167 3122 pessus
187 3045 252 3119 est,
275 3033 462 3124 accepimus
491 3028 700 3097 tantumdem
727 3026 887 3119 quidem,
911 3050 1009 3118 quam
1032 3027 1110 3097 olim

62 3151 148 3224 erat,
165 3162 230 3219 uon
252 3136 351 3206 idem
1146 3206 1149 3211 ,

113 3242 213 3336 Igitur
219 3240 518 3339 probabilissimum
525 3242 594 3335 jam
602 3239 727 3321 habeo,
735 3251 902 3306 auctorem
915 3252 1066 3310 nostrum
1075 3242 1109 3309 in

58 3348 134 3416 vitis
142 3350 376 3443 imperatorum
385 3347 585 3442 exponendis
594 3347 763 3415 civitatum
775 3343 949 3437 quemdam
960 3345 1109 3416 ordinem

55 3478 209 3524 servasse.
230 3459 273 3524 Et
296 3456 393 3548 primi
414 3453 545 3548 quidem
567 3451 776 3546 ponebantur
795 3448 838 3519 illi
860 3452 1109 3523 Atheniensium

54 3558 152 3630 disces
174 3575 334 3656 perpetua
352 3563 452 3630 serie:
467 3558 647 3642 Miltiades,
663 3554 914 3641 Themistocles,
935 3559 1108 3649 Aristides,

53 3667 173 3737 Ciniou
182 3721 193 3752 ,
202 3666 400 3754 Alcibiades,
411 3664 652 3758 Thrasybulus,
664 3665 799 3748 Conon,
810 3662 1006 3756 Iphicrates,
1020 3666 1108 3735 Cha·

52 3770 156 3862 brias,
181 3772 391 3858 Timotheus,
411 3772 567 3841 Phocion.
591 3772 650 3839 His
670 3767 749 3838 alios
774 3768 910 3838 totidem
931 3794 971 3839 ex
991 3775 1107 3841 ceteris

49 3879 237 3950 civitatibus
257 3880 400 3948 externis
417 3877 648 3970 conquirebat,
666 3875 892 3970 excitabatque
905 3901 946 3944 ex
962 3876 1110 3945 Lacedae⁴

47 3988 170 4059 nemis
189 3987 403 4072 Pausaniam,
421 3983 644 4079 Lysandrum,
658 3981 868 4077 Agesilaum
885 4007 926 4052 ex
944 3982 1109 4052 Thebanis
