2706 4770
455 330 906 404 OBSERVATIONES.
1136 335 1205 407 321

150 457 319 531 temporibus
327 456 467 513 floruerint
476 461 553 514 simul
563 461 614 514 viri
625 463 739 533 insignes
748 462 835 515 Graeci
846 475 924 535 etque
936 464 1057 518 Romani.
1066 467 1106 519 De
1115 468 1217 520 Homeri

150 549 227 591 etate
239 537 353 609 loquens
363 538 405 592 his
419 541 507 594 verbis
519 541 604 593 utitur
623 560 630 594 :
654 568 666 589 ι
676 543 715 595 Ut
731 542 856 594 Cornelius
872 544 952 614 Nepos
968 545 995 595 in
1008 546 1095 617 primo
1111 545 1214 599 comot-

148 636 230 670 sonras
247 614 346 670 dixit.»
369 618 466 672 Solinus
479 621 558 674 etiam
579 621 606 673 in
623 623 775 692 Polslristore
794 620 827 674 ud
842 624 913 675 locos
935 637 1061 693 provocet
1078 644 1093 676 e
1111 626 1215 697 Nepote

148 696 364 768 chronologicos,
380 698 427 770 qui
446 699 502 753 sine
522 698 606 752 dubio
628 698 667 753 ud·
675 699 797 753 eumdem
817 702 914 757 librum
934 704 1076 774 pertinent.
1101 704 1159 757 Hoc
1175 718 1215 758 est

148 773 215 828 illud
231 776 321 847 ipsum
335 796 416 849 opus,
437 777 511 850 quod
525 779 637 832 Catullus
650 781 738 833 innuit
753 781 781 834 in
794 782 988 853 Epigrammste
1002 781 1164 836 dedicatorio
1180 784 1213 838 ed

149 854 307 909 Cornelium
323 856 471 929 Nepotem:

361 970 441 1027 Quum
451 984 521 1017 susus
534 986 573 1025 es,
584 987 644 1017 unns
655 972 779 1027 Itelorom,

306 1050 381 1094 Omne
391 1064 465 1096 avum
476 1049 551 1097 tribus
562 1051 678 1112 explicaro
688 1051 787 1105 chertis,

306 1130 403 1184 Bootis,
418 1130 524 1192 Jupiter!
536 1140 560 1177 et
569 1130 699 1177 laboriosis.

144 1246 249 1317 liquet
260 1262 294 1297 ex
307 1244 350 1297 his
359 1243 464 1309 verbis,
478 1255 531 1297 tres
544 1243 691 1297 elaboratos
701 1263 756 1296 esse
766 1245 912 1298 aCornelio
919 1245 1002 1299 libros
1009 1247 1213 1317 chronicorum,

145 1325 196 1397 qui
208 1321 358 1377 secundum
372 1324 496 1377 usitatum
515 1323 592 1376 istam
606 1320 765 1376 divisionem
783 1323 816 1376 od
830 1337 932 1396 tempus
945 1321 1056 1391 ἄδηλον,
1077 1333 1174 1398 μυθικὸν
1187 1343 1214 1384 et

144 1406 252 1476 κεραὸν
265 1402 411 1474 respexisse
420 1399 554 1456 videntur.

185 1482 363 1553 Emptam
370 1482 489 1535 Cornelii
498 1481 609 1553 Nepotis
616 1482 716 1535 librum
722 1483 846 1553 quintum
855 1501 976 1554 expresse
983 1486 1101 1539 nominet
1107 1485 1212 1551 Gellius,

144 1561 238 1627 tvll,
253 1581 279 1615 c.
293 1563 326 1616 rt
334 1599 343 1626 ,
352 1559 417 1613 dum
426 1558 507 1614 fidem
516 1562 697 1614 Romanorum
706 1561 837 1615 collaudet
850 1563 878 1615 iu
888 1561 1017 1615 mondo
1032 1564 1213 1635 jurejurando.

144 1640 276 1697 citantur
288 1640 371 1695 iidem
388 1640 480 1694 libria
497 1640 583 1693 Flavio
602 1640 727 1712 Sossputrc
744 1642 872 1702 Clorisio,
893 1643 973 1695 seculi
992 1644 1080 1714 quinti
1097 1649 1215 1702 exeuntis

143 1718 340 1775 Grammatico.

185 1800 327 1871 Allegetur
341 1798 421 1853 edam
440 1819 455 1852 a
471 1798 567 1862 Gellio,
588 1801 607 1852 l.
621 1801 674 1865 XI,
688 1820 711 1854 c.
728 1803 765 1866 8,
779 1801 886 1854 Cornelii
897 1801 997 1871 Nepotis
1010 1802 1077 1855 liber
1097 1801 1131 1856 de
1148 1805 1216 1858 Viris

142 1880 299 1936 laesorum.
325 1880 455 1933 Narratur
473 1880 512 1931 ibi
532 1897 564 1931 ex
586 1897 619 1932 eo
634 1880 672 1933 Μ.
698 1880 797 1932 Catonis
816 1879 957 1934 dicterium
977 1881 1005 1934 in
1026 1884 1057 1935 A.
1078 1883 1214 1938 Albinum.

142 1962 243 2029 Quum
255 1956 324 2012 illud
335 1977 391 2012 nou
406 1970 528 2013 occurret
545 1959 574 2010 in
591 1959 645 2011 vitu
659 1960 767 2013 Cotonis
789 1958 933 2013 admodum
953 1960 1042 2027 brevi,
1061 1980 1120 2032 quse
1137 1964 1214 2017 nobie

142 2040 242 2095 relico
256 2051 313 2107 est,
332 2050 359 2091 et
374 2056 432 2109 qne
446 2037 576 2110 particula
594 2038 645 2091 suit
663 2038 726 2091 libri
741 2041 812 2109 ejus,
828 2058 906 2110 quem
925 2037 959 2091 de
979 2039 1111 2094 historicis
1126 2042 1214 2095 latinis

142 2118 323 2190 conscripsit,
337 2118 461 2171 haustum
473 2117 578 2170 videtur
588 2136 603 2169 e
612 2117 695 2181 libro,
709 2136 788 2188 quern
800 2117 923 2171 Cornelius
936 2120 1074 2189 separatim
1085 2138 1113 2171 se
1125 2121 1215 2175 fecisse

143 2202 182 2254 ait
195 2197 234 2251 de
243 2198 361 2262 Catone,
376 2208 469 2267 rogatu
480 2197 621 2269 Pomponii
632 2197 726 2261 Attici;
737 2210 763 2251 et
774 2197 819 2264 hic
829 2198 898 2249 liber
909 2198 1115 2268 comprehensus
1124 2212 1214 2271 postea

143 2293 200 2345 est,
214 2275 327 2348 ediectis
334 2277 457 2349 pluribus
463 2276 537 2342 vitis,
549 2294 582 2329 eo
593 2293 691 2348 opere,
704 2276 776 2348 quod
789 2274 823 2329 de
834 2277 899 2330 viris
910 2277 1056 2331 illustribus
1066 2278 1213 2351 inscripsit3

141 2358 199 2415 nisi
221 2358 293 2411 lorte
312 2354 420 2409 credere
438 2356 499 2427 quis
516 2356 595 2419 velit,
617 2354 690 2426 quod
709 2356 753 2408 vix
772 2356 839 2409 mihi
863 2355 1049 2427 persuadeam,
1078 2357 1213 2412 Comelim

141 2439 237 2493 uibus
262 2434 374 2489 diversis
390 2434 481 2500 libris,
499 2433 658 2506 diversoque
680 2435 814 2498 instituto,
835 2434 869 2489 de
892 2435 1009 2507 ejusdem
1030 2438 1138 2491 Catonis
1159 2439 1213 2493 vite

141 2517 296 2590 scripsisse.
315 2515 383 2569 nihi
404 2514 484 2567 etium
507 2527 546 2567 est
567 2515 723 2586 probabile,
736 2520 812 2566 vitam
832 2517 960 2585 Pomponii
976 2517 1055 2568 Attici
1077 2535 1131 2569 non
1158 2536 1213 2572 esse

141 2598 200 2653 uisi
211 2607 318 2668 partem
325 2591 444 2666 ejusdem
453 2594 541 2665 operis
549 2591 584 2646 de
594 2593 657 2646 viris
665 2594 812 2648 illustribus
822 2613 837 2646 u
847 2595 935 2646 Gellio
945 2595 1055 2664 perlecti
1064 2608 1089 2647 et
1100 2595 1211 2666 ellegrti.

143 2676 303 2747 Poampcuio
315 2675 386 2731 enim
393 2675 453 2744 jure
466 2671 612 2726 debebatur
621 2674 694 2725 locus
705 2673 774 2725 inter
785 2674 855 2725 viros
865 2673 993 2735 illustres,
1007 2692 1062 2726 uon
1069 2692 1133 2726 vero
1143 2675 1212 2728 inter

142 2756 308 2813 excellerem
323 2755 511 2825 imperotores,
526 2750 560 2805 de
579 2753 675 2824 quibua
690 2752 717 2804 in
735 2753 787 2804 ulio
803 2771 883 2823 opere
900 2752 953 2822 egit
970 2752 1101 2806 Cornelius.
1128 2752 1211 2818 Quod

142 2855 215 2892 vero
229 2835 288 2887 linc
302 2852 353 2886 una
365 2832 494 2904 particula
508 2832 662 2903 amplissimi
680 2832 823 2885 voluminis
839 2831 964 2902 temporis
979 2831 1144 2902 iniquitatem
1158 2835 1214 2889 sola

141 2915 295 2986 effugerit,
317 2910 489 2965 tribuendum
512 2908 618 2965 videtur
636 2910 778 2983 diligenti·
797 2912 867 2963 illius
892 2910 1006 2973 librarii,
1022 2911 1070 2982 qui
1090 2911 1214 2982 epistolas

142 2976 292 3051 Ciceronis
305 2990 339 3044 ud
354 2991 471 3044 Atticum
488 2991 637 3063 exscripsit,
653 2991 742 3062 eisque
754 2991 833 3043 evita
844 2990 924 3043 Attici
933 2990 1121 3043 lumenalierri
1136 3010 1213 3062 posse

141 3071 276 3130 eredidit.
299 3068 366 3123 Inde
384 3071 465 3133 forte,
484 3088 566 3140 quum
588 3071 718 3141 perierint
730 3071 838 3141 reliqum
851 3071 911 3122 vitre
933 3067 966 3121 ud
981 3068 1081 3121 librum
1096 3067 1130 3121 de
1148 3072 1213 3129 viris

140 3152 301 3209 illmtsibua
312 3151 490 3221 pertinentes,
509 3150 564 3202 sola
578 3150 632 3202 vite
647 3150 728 3203 Attici
742 3161 842 3203 servem
854 3161 900 3202 est.
917 3148 939 3200 1²
940 3166 1002 3202 uere
1015 3149 1062 3219 qni
1074 3161 1211 3219 negarent,

140 3234 263 3305 pes-iisse
272 3229 379 3303 Comelii
393 3247 461 3300 opus
474 3229 504 3279 de
518 3232 578 3280 viris
588 3229 727 3282 illustribus.
742 3230 857 3282 Relictus
868 3241 907 3282 est
922 3229 993 3279 enirn
1005 3228 1110 3280 libellus
1118 3228 1213 3284 ecdem

138 3311 262 3368 nomine
278 3309 432 3379 insignitus,
447 3320 474 3360 et
489 3326 503 3359 a
518 3309 599 3361 seriis
614 3307 761 3362 editoribus
773 3308 885 3361 Cornelio
899 3306 1055 3378 adscriptus.
1073 3306 1125 3360 Sed
1138 3309 1214 3364 lacile

138 3389 282 3466 pespicit
291 3388 442 3460 intelligens
454 3388 551 3453 lector,
563 3405 618 3440 non
633 3406 710 3460 posse
724 3388 796 3441 hunc
807 3388 927 3441 libellum
940 3385 973 3439 ud
982 3385 1093 3458 Augusti
1106 3405 1212 3443 auream

138 3485 256 3529 mrem
270 3468 380 3534 relerri;
402 3479 429 3520 et
441 3467 528 3530 locus,
547 3485 627 3539 quem
647 3466 740 3521 Gellius
760 3467 886 3519 Cornelio
905 3485 933 3518 se
949 3463 1046 3520 debere
1062 3466 1118 3530 eit,
1133 3468 1163 3521 in
1179 3488 1211 3524 eo

138 3570 203 3607 non
221 3548 369 3603 invenitur.
389 3546 531 3599 prefixum
544 3545 652 3617 quidem
673 3559 712 3599 est
726 3547 789 3599 huic
809 3546 911 3610 libello,
927 3545 954 3597 in
967 3544 1084 3599 editione
1098 3546 1213 3604 Franco·

136 3629 264 3686 tunm-i
278 3626 341 3680 anni
359 3627 447 3688 1608,
464 3625 572 3679 Cornelii
585 3626 687 3698 Nepotis
697 3644 808 3691 nomem
820 3624 866 3679 sed
884 3626 912 3678 in
925 3625 1078 3695 prelatione
1097 3626 1211 3681 ostendit

137 3710 266 3766 Andreas
279 3706 403 3768 Solottus,
417 3705 508 3759 multis
516 3704 664 3777 lucidisque
676 3704 845 3776 argumentis,
856 3705 928 3758 hunc
941 3702 975 3758 de
990 3705 1054 3758 siris
1066 3706 1211 3760 illustribus

136 3786 251 3844 librum
263 3804 351 3856 neque
360 3785 484 3848 Comelio,
500 3803 585 3857 neque
599 3786 696 3847 Plinio,
710 3804 796 3857 neque
807 3785 920 3839 Suetonio
933 3782 1135 3838 adscribendum
1146 3804 1209 3838 esse.

135 3862 229 3923 Nunc
241 3864 379 3919 communi
392 3865 447 3917 lere
461 3862 629 3919 eruditorum
641 3883 770 3918 consensu
788 3865 890 3919 Aurelio
905 3865 1001 3917 Victori
1011 3864 1151 3926 tribuitur,
1164 3865 1213 3933 qni

135 3948 196 4003 tub
209 3946 323 3999 Iuliano
334 3944 401 3997 vixit
413 3962 496 4016 usque
509 3940 542 3999 ud
555 3941 742 3999 Theodosium.

981 4071 1022 4116 21
