2706 4770
243 378 290 432 nn
599 361 935 430 TESTIMONIA

242 496 298 590 qui
316 490 413 562 hodie
429 515 497 559 non
515 505 611 559 extat.
634 493 771 585 Scripsit
785 493 899 586 Nepos
914 506 947 560 et
959 494 995 559 Τ.
1011 495 1185 589 Pomponii
1201 501 1303 571 Attici

241 602 369 687 vitam,
390 622 431 667 ex
451 621 542 692 qua,
568 612 690 692 quanta
717 599 839 692 Nepoti
860 622 937 666 cum
963 599 1072 668 Attico
1100 601 1303 676 familiaritas

239 706 480 790 intercesserit,
498 704 601 772 cuivis
619 700 800 798 intelligere
816 702 900 773 licet.
921 705 1033 774 Fuisse
1050 722 1160 777 autem
1178 713 1302 806 Nepo-

238 827 304 880 tem
334 811 431 880 etiam
461 811 507 878 M.
538 807 646 877 Tullio
672 809 851 878 admodum
883 808 1098 898 familiarem,
1131 814 1303 888 declarant

238 916 449 1011 epistolarum
475 914 548 984 libri
571 914 613 983 ab
639 914 704 984 hoc
724 914 765 984 ad
786 914 878 984 illum
899 918 1113 1010 scriptarum,
1135 934 1172 989 ut
1199 947 1302 1017 supra

237 1023 387 1092 diximus.
425 1024 595 1090 Postremo
621 1022 815 1091 seutentiam
838 1046 946 1090 meam
970 1022 1105 1117 adjuvat
1122 1025 1301 1098 doctorum

236 1127 456 1224 quorumdam
479 1129 724 1210 testimouium,
746 1129 803 1222 qui
827 1129 986 1223 scriptum
1016 1128 1243 1226 reliquerunt,
1265 1160 1301 1205 se

235 1236 269 1302 iu
292 1259 361 1303 uno
383 1233 496 1304 codice
519 1257 682 1303 manuscr.
706 1234 748 1302 ad
770 1231 894 1303 calcem
917 1233 991 1302 libri
1013 1236 1084 1306 haec
1105 1239 1208 1308 verba
1237 1239 1299 1310 ad·

235 1342 357 1434 scripta
377 1340 557 1435 reperisse:
581 1367 598 1403 «
619 1337 829 1433 Completum
850 1354 899 1407 est
920 1365 1004 1435 opus
1030 1342 1151 1412 AEmilii
1175 1346 1298 1434 Probi,

236 1445 380 1517 Cornelii
400 1447 547 1540 Nepotis.
570 1473 588 1508 s
613 1445 697 1533 Quis
722 1469 789 1513 non
811 1443 922 1533 videt,
949 1446 1021 1516 haec
1041 1473 1111 1519 esse
1138 1452 1262 1545 scripta
1279 1478 1300 1521 a

234 1551 368 1621 librario
387 1552 576 1637 haesitante,
588 1564 621 1618 et
637 1550 823 1637 dubitante,
837 1566 871 1620 et
891 1553 1017 1622 incerto
1039 1554 1081 1624 de
1099 1557 1199 1649 hujus
1221 1557 1297 1626 libri

232 1672 387 1743 auctore,
405 1680 507 1751 quum
523 1681 599 1724 eum
620 1657 700 1726 hinc
718 1658 866 1728 Cornelti'
884 1660 1048 1754 Nepotis,
1065 1662 1144 1732 hinc
1162 1665 1300 1734 AEmt'lti'

232 1762 342 1834 Probi
357 1764 494 1831 nomina
511 1775 544 1829 et
566 1764 764 1855 cognomina
786 1763 1040 1858 perturbarent?

523 1965 665 2036 CASR·
684 1966 997 2056 senonem&

492 2147 556 2194 ΗΒ.
586 2148 612 2193 11
640 2147 835 2195 vnnlsmn..
863 2148 939 2196 CAP·
976 2151 1030 2198 10.

280 2303 380 2371 Corn.
400 2301 530 2394 Nepos,
552 2300 608 2392 qui
623 2297 708 2367 male
728 2299 829 2394 vulgo
850 2299 997 2370 AEmilius
1015 2303 1144 2373 Probus
1157 2304 1288 2377 dicitur.

673 2502 845 2588 inan,

160 2656 166 2668 ⁸
264 2683 557 2738 consumsimus
585 2683 612 2729 11
641 2683 686 2728 ns
714 2681 926 2731 sannanim
954 2685 996 2730 nr
1024 2685 1259 2746 accensurus

598 2789 773 2834 naamon
801 2789 920 2836 nonis.

278 2944 485 3018 Novissimos
505 2963 611 3009 aureae
632 2940 735 3009 aetatis
759 2938 845 3009 facio
868 2941 1084 3030 Ciceronem,
1101 2944 1292 3035 Caesarem,

226 3056 328 3127 Corn.
350 3052 535 3144 Nepotem,
549 3061 610 3116 etc.
626 3047 668 3114 In
686 3046 825 3142 Nepotis
840 3059 950 3114 tamen
963 3049 1047 3117 vitas
1062 3048 1200 3119 dubium
1218 3076 1289 3121 nou

225 3175 275 3231 est
288 3155 446 3228 nonnulla
460 3153 695 3250 posterioribus
710 3151 834 3223 saeculis
846 3153 1011 3248 irrepsisse
1025 3154 1066 3221 ab
1080 3156 1141 3222 aevi
1154 3158 1289 3251 Augus-

225 3267 270 3336 tei
291 3288 372 3332 auro
393 3262 592 3340 remotiora,
611 3256 752 3345 AEmilii,
775 3258 892 3344 credo,
921 3259 1020 3328 Probi
1042 3284 1141 3353 opera
1155 3274 1175 3348 ‚'
1192 3264 1288 3356 cujus

225 3393 347 3440 nomen
361 3365 471 3437 multis
484 3363 608 3434 saeculis
622 3361 748 3432 libellus
761 3365 899 3458 Nepotis
915 3368 1142 3461 praescriptum
1159 3367 1287 3439 habuit.

589 3555 915 3642 10.sAVARO‚

254 3745 294 3795 ΙΝ
316 3742 422 3791 PRAEF·
447 3741 495 3787 AD
517 3738 595 3786 NOT·
620 3736 703 3784 SUAS
726 3736 763 3783 lN
786 3716 904 3785 AEntt.
930 3718 1083 3789 Pnontm
1105 3744 1151 3790 DE
1174 3744 1263 3792 vm

616 3841 759 3888 EXCELL.
790 3845 889 3892 men.

272 4004 372 4073 Hunc
383 3996 505 4068 librum
518 3995 616 4067 Corn.
631 3995 763 4092 Nepoti
773 3997 969 4091 asseritipsa
981 3997 1131 4092 praefatio
1147 4025 1155 4070 ε
1172 4028 1191 4067 α
1205 4000 1285 4072 Non
