2706 4770
29 265 54 314 k

153 350 227 420 nod
413 347 680 415 CORNELII
715 347 946 416 NEPOTIS

150 487 189 541 ut
218 494 278 540 sua
310 469 442 538 decretu
474 469 695 538 confirmaret.
717 473 792 539 Huc
816 469 932 539 eodem
963 469 1129 608 profectus
1150 487 1183 540 est

150 577 306 647 Phocion.
323 578 401 664 Quo
420 589 458 644 ut
480 578 589 661 venit,
607 599 740 644 causam
755 575 844 670 opud
866 563 1082 670 ΡΙιιΙίρριιιιι6
1099 602 1183 671 regen

150 682 270 771 verbo,
291 707 326 750 re
348 684 418 776 ipsa
439 682 571 776 quidem
591 680 680 776 apud
702 679 1044 812 Polysperchontem
1032 707 1138 775 jussus
1150 694 1184 751 est

151 789 287 857 dicere:
313 812 454 916 namque
476 790 503 857 is
526 803 595 855 tum
627 788 713 883 regis
740 788 838 856 rebus
867 773 1039 882 praeerath
1074 787 1185 858 Hicrh

150 880 346 988 Agnonide⁶
360 910 550 980 accusatus,
567 893 657 1012 quod
668 895 809 963 Piraeum
823 895 982 963 Nicanori
995 894 1186 987 prodidisset

151 1025 191 1067 ex
217 998 359 1069 consilii⁷
387 1002 546 1069 sententia
569 1002 603 1067 in
636 1000 819 1069 custodiam
849 1000 1039 1093 conjectus,
1067 1001 1187 1069 Athenis

151 1104 313 1174 deductus
334 1121 397 1192 est,
410 1121 449 1174 ut
467 1107 512 1174 ibi
531 1105 571 1173 de
592 1130 633 1174 co
655 1103 781 1199 legibus
802 1105 897 1174 lieret
913 1106 1086 1199 judicium.

204 1213 265 1279 lV.
282 1214 356 1279 Huc
371 1212 427 1279 uhi
443 1226 638 1306 perventum
649 1225 717 1297 est,
734 1236 837 1305 quum
855 1226 994 1306 propter
1009 1226 1188 1304 aetaternpe·

152 1317 248 1386 dibus
264 1317 334 1409 jam
357 1343 425 1386 non
444 1315 598 1403 valeret¹,
619 1315 836 1410 vehiculoque
858 1332 1075 1410 portaretur,
1100 1315 1188 1410 magni

152 1447 333 1493 concursus
362 1437 439 1492 sunt
460 1423 538 1493 facti
555 1449 565 1509 ;
585 1448 686 1515 quum
716 1421 796 1510 alii,
825 1426 1074 1493 reminiscentes
1094 1424 1187 1491 veter-'s

152 1529 263 1615 fame,
284 1531 386 1597 aetatis
408 1530 659 1612 misererentur3
680 1527 813 1623 plurimi
837 1553 917 1597 vero
937 1531 988 1597 ira
1009 1552 1186 1598 exacueren-

153 1649 226 1720 tur,
242 1647 379 1728 propter
398 1635 593 1728 proditionis
617 1636 836 1728 suspicionem
854 1637 970 1720 Piraei,
985 1638 1184 1728 maximeque,

153 1740 242 1831 quod
254 1740 412 1808 adversus
425 1740 538 1834 populi
554 1738 729 1809 commoda
744 1743 776 1808 in
791 1755 960 1809 senectute
972 1755 1116 1810 steteret.
1129 1741 1183 1827 Qut

152 1845 193 1913 de
216 1870 252 1912 re
273 1869 315 1912 ne
333 1845 508 1938 perorandi
529 1844 682 1938 quidem²
708 1849 737 1913 ei
762 1846 838 1914 date
858 1861 908 1914 est
928 1845 1085 1934 facultas,
1108 1842 1181 1915 edi·

153 1948 248 2018 cendi
266 1974 408 2019 causam.
432 1950 514 2019 Inde
526 1951 668 2044 judicio,
684 1950 835 2046 legitimis
849 1951 1058 2070 ‘quibusdam
1080 1949 1181 2020 conloc-

152 2041 221 2144 tis³,
240 2057 430 2142 damnatus,
442 2057 580 2126 traditus
596 2072 645 2126 est
657 2057 855 2126 undecim
823 2060 920 2144 vnis,
938 2058 1059 2151 quihus
1074 2056 1114 2127 ad
1125 2078 1180 2148 sup·

193 2253 219 2310 4.
235 2247 313 2315 Apud
335 2248 472 2317 Philippum
492 2267 577 2317 regem.
599 2247 658 2299 Ari·
703 2250 768 2300 leret.
779 2246 862 2300 Pedes
873 2246 998 2301 incedere
1013 2261 1181 2316 tunonmpw

152 2324 252 2388 deum,
265 2326 373 2377 fratrem
394 2326 536 2379 Alexandri
558 2327 656 2397 Magni.
702 2341 748 2380 set.
756 2329 967 2399 —Veliieuloque
980 2339 1122 2398 moretur.
1137 2324 1181 2377 Ple·

154 2403 216 2457 Vid.
230 2405 297 2457 Just.
311 2405 392 2469 XIII,
403 2406 429 2457 3.
701 2407 807 2460 terohus
824 2419 912 2458 tomen
928 2426 984 2459 non
1008 2421 1116 2479 propter
1127 2402 1181 2458 nte

153 2485 219 2539 ..5
246 2484 389 2555 Namque
379 2505 399 2535 ts
429 2496 477 2535 tum
504 2488 567 2553 regi
558 2485 657 2537 rebus
700 2487 817 2539 mitatem
830 2483 962 2557 pedum'
942 2485 1182 2543 sicvectumrelet

149 2575 260 2634 pimeni.
277 2564 391 2617 Curator
405 2565 479 2634 regni
495 2568 522 2615 et'
536 2563 658 2617 adminis·
700 2565 746 2618 sed
773 2565 938 2618 contumeliae
968 2584 1055 2619 ceusu.
1083 2560 1181 2634 Alioqt'fl

150 2656 242 2697 trator.
258 2644 379 2696 Lemnis.
700 2644 810 2697 invalidi
832 2643 985 2716 debilesque
1008 2646 1079 2698 sellis
1098 2654 1182 2717 gerno·

192 2728 218 2778 6.
235 2723 278 2775 Ab
288 2723 426 2792 Agnonide.
443 2722 559 2776 Rhetore
571 2736 598 2775 et
613 2744 656 2795 sy·
700 2725 747 2777 riis
762 2723 795 2776 od
810 2725 933 2796 supplicii
944 2725 1033 2777 locum
1047 2725 1180 2778 taeniam.

151 2803 281 2875 cophente
291 2822 357 2868 ,seu
373 2802 503 2866 delatore,
517 2802 656 2855 accusandi
700 2802 771 2857 Vide
786 2805 967 2867 Immunem,
980 2805 1087 2869 xxix,
1102 2824 1124 2857 s.

152 2883 313 2936 Phocionem
332 2884 416 2952 gretia
430 2882 516 2934 misso.
534 2884 569 2935 V.
586 2883 670 2936 Plut..
695 2878 698 2883 ’
742 2884 815 2935 s.Ne
823 2885 953 2953 pemmndi
964 2884 1070 2956 quidem,
1081 2878 1182 2945 etthlt

191 2981 218 3032 7.
240 2963 284 3014 Er
303 2964 409 3025 consilii,
424 2961 456 3013 nl.
473 2964 590 3013 consimili
603 2982 656 3023 sen-
699 2964 798 3015 crebrIs
807 2963 966 3016 nemoribus
981 2963 1181 3035 interpellemur·

151 3046 232 3093 tentia.
248 3043 287 3093 Ile
301 3060 362 3093 vern
377 3040 409 3093 ed
423 3060 505 3092 unum
518 3041 656 3112 Polysper·
701 3043 799 3094 Confer
812 3042 983 3094 Pluterchum
1000 3056 1027 3096 et
1041 3040 1182 3096 modorum.

150 3121 273 3173 chontcm
293 3120 373 3173 rediit
385 3120 657 3190 judicium-Athe·
699 3139 754 3172 rem
765 3123 870 3193 copiose
879 3140 909 3174 oc
917 3121 1007 3176 lucide
1016 3118 1183 3175 mentes&

151 3219 195 3251 nas
205 3200 326 3252 deductus.
338 3202 375 3252 Ut
386 3201 484 3253 scilicet
494 3201 587 3272 capitis
599 3219 658 3253 ceu·
700 3200 792 3253 eodem
803 3200 922 3253 Diodoro
933 3200 1056 3273 proditos
1067 3199 1185 3254 Athenien·

151 3298 204 3331 sum
217 3277 325 3331 diceret.
341 3278 411 3331 Vide
427 3279 538 3332 Diodor.
547 3281 641 3332 XVIII
649 3310 667 3345 ,ι
700 3299 740 3332 ses
750 3281 850 3332 luisses
860 3280 1087 3351 Polysperehonte
1097 3288 1184 3334 connat-

151 3370 177 3410 et
188 3358 357 3410 Plutarchum
370 3358 397 3410 in
408 3359 550 3410 Phocione.
563 3359 657 3412 Obiter
742 3361 767 3412 3.
784 3361 908 3429 Legitimis
923 3361 1065 3432 quibusdan
1086 3360 1184 3426 consectis·

151 3437 302 3489 observabis
312 3456 371 3488 reos
382 3437 564 3490 honoratiores
579 3439 658 3490 Athe·
700 3436 732 3490 ld
747 3452 798 3502 est,
812 3440 933 3491 formulis
947 3440 1067 3511 aliquot,
1079 3453 1107 3492 ut
1119 3440 1142 3491 in
1152 3438 1186 3505 ju-

151 3535 197 3569 rios
212 3517 304 3567 missus
318 3516 408 3579 luisse,
420 3529 450 3568 ut
464 3518 657 3586 magistratibus
699 3517 776 3571 diciis
787 3519 1030 3583 solet‚observetis.
1045 3520 1105 3571 Non
1117 3528 1185 3569 soon

151 3594 333 3659 traderentur,
349 3609 447 3665 utque,
456 3595 578 3666 legitimis
593 3615 656 3649 con·
700 3599 787 3650 omnia
815 3599 871 3669 lege
899 3600 998 3652 sancita
1023 3600 1104 3651 secuti
1125 3604 1187 3651 utut}

151 3675 239 3738 lectis,
255 3685 300 3725 aut
315 3674 513 3726 absolverentur
521 3687 566 3727 ont
580 3674 656 3729 oddi-
699 3678 798 3748 quippe
816 3696 850 3731 ne
865 3677 985 3730 dicende
1003 3678 1110 3750 quidem
1121 3684 1189 3729 trust

150 3766 287 3816 errentur,
298 3751 372 3823 quod
391 3765 417 3805 et
434 3753 504 3824 apud
522 3756 657 3809 Romanos
699 3776 723 3810 er
717 3756 797 3810 'deta
814 3758 992 3831 lueritoopis.
998 3754 1190 3811 -Undecieti‘

151 3835 269 3889 involuit.
286 3830 357 3885 Vide
378 3846 433 3885 not.
456 3833 488 3886 ad
504 3833 596 3888 Sidon
613 3856 655 3906 ep.
700 3841 740 3889 ris.
754 3836 893 3891 Judicibus
901 3829 1191 3909 ‚quibucoraoeroeri‘

151 3934 181 3984 7,
195 3916 242 3968 lib
255 3914 320 3967 VII.
336 3913 447 3967 Ssvsno
699 3929 724 3968 et
741 3918 932 3988 suppliciorum
948 3916 1119 3983 demandato,
1127 3910 1189 3965 utin

189 3998 254 4049 Cir.
267 3994 535 4064 IV.1.PedibusJum
550 4016 597 4047 reon
614 4016 656 4045 ra·
696 3997 851 4067 capitalibus
878 3999 958 4051 rebus
979 3996 1114 4064 niestein,
1127 3986 1187 4064 jull
