2768 5198
475 457 481 467 ο

248 768 320 854 146
504 770 773 838 CORNELII
799 770 1031 839 NEPOTIS

243 924 281 978 ut
296 910 420 1003 recepit
441 932 461 975 a
483 932 560 1002 rege
581 911 731 991 missam,
748 909 859 1002 copias
872 922 986 1002 parat,
1002 923 1037 975 et
1055 909 1172 977 absens
1183 911 1296 980 amici·

241 1018 320 1085 tiam
337 1039 413 1083 cum
437 1015 580 1082 Datame
601 1014 692 1093 facit,
714 1015 799 1106 regis
819 1016 1006 1107 provincias
1028 1029 1142 1101 vexat,
1162 1013 1298 1084 castella

242 1133 426 1214 expugnat,
451 1143 587 1212 magnas
616 1118 743 1212 praedas
771 1120 860 1212 capit
886 1145 894 1185 :
916 1143 1056 1211 quarum
1078 1134 1204 1213 partem
1230 1122 1299 1189 suis

241 1225 408 1319 dispertit,
418 1239 546 1319 partem
564 1223 607 1292 ad
618 1227 794 1293 Dammem
806 1226 919 1307 mittit3
935 1226 1006 1319 pari
1015 1224 1299 1321 modocomplura

242 1329 374 1402 annua
391 1333 420 1399 er
440 1329 546 1398 man
567 1333 646 1399 uaec
665 1329 721 1397 uu
743 1328 892 1399 scendo
913 1332 1072 1425 pessunt
1087 1316 1245 1419 somn&
1263 1355 1300 1400 se

239 1436 403 1506 infinitum
417 1436 574 1505 adversus
588 1459 700 1528 regem
713 1437 894 1530 suscepisse
909 1433 1032 1504 bellum
1048 1461 1057 1502 r
1072 1460 1174 1528 quum
1193 1435 1300 1505 nihilo

240 1544 362 1637 magis,
388 1565 553 1635 nequam
584 1542 804 1634 suspicionem
827 1538 873 1608 illi
898 1542 1059 1635 praeberet
1085 1541 1300 1628 insidiarum,

242 1650 349 1742 neque
367 1645 566 1740 colloquium
580 1647 650 1738 ejus
668 1647 803 1739 petivit,
823 1670 930 1739 neque
950 1649 985 1713 in
1004 1661 1217 1740 conspectum
1238 1672 1299 1715 ve-

243 1756 315 1822 niae
335 1752 469 1822 studuit
490 1754 545 1821 Sic
567 1753 683 1820 absens
703 1752 878 1819 amicitiam
900 1751 1035 1845 gerebat
1042 1738 1066 1836 ⁴,
1086 1766 1125 1819 ut
1148 1777 1217 1821 non
1234 1753 1299 1820 be·

244 1858 369 1928 nelioiis
396 1860 535 1943 mutuis,
558 1857 616 1925 sed
640 1856 719 1925 odio
749 1858 937 1944 communi,
966 1856 1056 1950 quod
1082 1881 1160 1951 erga
1185 1882 1300 1952 regem

244 1977 472 2058 susceperant,
490 1964 652 2030 contineri
666 1962 864 2030 viderentur.

297 2067 514 2160 XLquuum
526 2067 1299 2154 satisseconlirmassearbitratusest,certiorem

245 2176 325 2245 lacit
348 2176 541 2258 Datamem,
557 2188 687 2266 tempus
714 2196 784 2241 esse
808 2174 948 2265 majores
971 2172 1147 2243 exercitus⁸
1168 2177 1278 2268 parari
1290 2226 1301 2260 ,

246 2278 368 2348 bellum
383 2303 458 2348 cum
470 2281 542 2372 ipso
555 2302 632 2371 rege
645 2280 786 2372 suscipi;
803 2277 909 2372 deque
920 2303 958 2347 ea
970 2304 1022 2365 re,
1036 2281 1103 2347 sici
1115 2278 1300 2368 videretur,

248 2410 314 2480 quo
336 2384 410 2453 loco
430 2383 545 2470 vellet,
563 2385 597 2450 in
611 2382 809 2477 colloquium
823 2387 959 2452 veniret.
979 2384 1122 2454 Pmbata
1133 2408 1186 2472 re,
1200 2384 1302 2455 collo-

248 2490 368 2586 quendi
383 2505 513 2585 tempus
531 2491 689 2575 sumitur,
710 2487 864 2582 locusque
882 2514 948 2583 quo
968 2492 1208 2560 conveniretur.
1225 2494 1303 2562 Huc

249 2596 459 2665 Mithridates
477 2619 552 2663 cum
574 2620 659 2681 uno,
676 2596 731 2662 cui
748 2597 922 2662 maximam
943 2595 1085 2666 habebat
1097 2595 1213 2684 fldem,
1225 2612 1303 2668 ante

250 2701 373 2795 aliquot
382 2698 469 2769 dies²
483 2702 588 2787 venit,
599 2698 887 2793 compluribusque
900 2698 979 2769 locis
991 2703 1163 2796 separatim
1176 2701 1303 2796 gladios

251 2907 370 2980 illudque
380 2908 454 2961 omui
464 2920 626 2961 sacramento
643 2908 756 2963 sanctius
799 2927 904 2961 monem
917 2928 979 2962 esse.
994 2909 1096 2981 Nempe
1107 2910 1232 2964 hactenns
1242 2930 1305 2982 pao-

253 2987 410 3053 ducebatur,
423 3000 501 3058 atque
511 2987 706 3041 observabatur.
714 2988 757 3040 Sic
799 2989 897 3042 vincias
920 3001 1073 3053 vexaverat,
1094 2990 1198 3043 eunus
1219 3009 1304 3063 espu-

255 3071 353 3122 Auctor
376 3067 536 3121 scholiorum
554 3066 582 3119 in
604 3067 758 3138 Aristopha·
799 3079 937 3138 gnaverat,
959 3065 1060 3139 prasdas
1081 3081 1204 3140 ceperat:
1229 3086 1305 3124 nnnc

254 3147 455 3200 nisNubItem
466 3144 544 3200 docet
557 3143 758 3212 biodonxvs,
800 3147 887 3218 ipsum
908 3165 996 3218 regern
1021 3143 1306 3218 aggrediendum-esse

258 3228 304 3290 34.
317 3226 420 3281 Conna.
434 3227 474 3278 De
487 3225 571 3277 missis
583 3222 758 3290 dunimid.
801 3237 898 3279 monet
917 3227 1021 3280 llossm.
1217 3254 1221 3259 v

256 3306 411 3377 interpretes
422 3304 520 3368 Taciti,
533 3303 601 3357 Bisa.
619 3305 648 3367 l,
667 3305 711 3368 54.
841 3311 867 3367 4.
881 3308 1019 3358 Amicitiam
1030 3306 1135 3375 gerebat.
1149 3306 1304 3362 Exercebat.

298 3387 323 3439 3.
338 3386 446 3437 Homini.
457 3383 659 3436 bannitum
672 3396 759 3436 autem
802 3386 869 3456 Apte
896 3397 983 3437 sutem
1008 3384 1106 3454 gerebat
1135 3383 1169 3438 de
1196 3399 1306 3440 externa

258 3460 759 3534 desummisririmelutidel'ompeio,
801 3462 1307 3534 specie-Continerioidemtunldest,

259 3545 361 3598 Cesare
375 3554 403 3595 et
416 3542 473 3595 aliis
487 3543 656 3606 occurrit,in
669 3543 761 3614 primis
802 3542 944 3596 arctissime
978 3543 1109 3596 coherere
1140 3542 1307 3608 viderentur.

260 3623 306 3676 ubi
328 3620 508 3675 conditionem
528 3633 611 3674 notat.
635 3619 706 3673 Vide
733 3621 761 3674 in
804 3620 949 3675 Conlerad
957 3620 1243 3693 Lysandrum,1,not.
1258 3643 1285 3694 7.

260 3700 541 3763 Eumene,IV:·Pro
553 3699 668 3753 hominis
678 3698 763 3770 digni
844 3701 908 3753 Csr.
930 3701 978 3754 XI.
999 3721 1023 3755 ι.
1044 3703 1142 3772 Turpius
1161 3721 1211 3754 esse
1230 3707 1307 3774 majo·

261 3792 322 3833 tate.
335 3806 345 3825 ι
361 3811 394 3820 -
407 3777 535 3848 Irfinr'tum.
554 3778 615 3830 Sine
633 3779 694 3832 line.
711 3778 762 3830 Im·
805 3799 840 3829 res
852 3783 967 3830 exercitus
972 3785 1064 3851 parari.
1076 3781 1129 3834 Pro
1139 3779 1267 3853 parendi,
1277 3795 1309 3835 nt

261 3857 586 3932 placabile.·-Susceplsse.
600 3858 680 3928 Atqui
695 3875 762 3908 non·
804 3858 835 3910 lit
848 3859 953 3928 passim.

262 3936 326 3993 dum
357 3937 454 3990 bellum
484 3948 649 4008 susceperat,
677 3936 764 4006 inquit
847 3956 871 3989 s.
894 3940 959 3990 Ante
979 3939 1072 4010 adquot
1088 3939 1145 3991 dr'es.
1169 3939 1231 3991 Non
1246 3941 1311 3993 satis

262 4017 417 4083 Lambinus,
428 4016 503 4087 quia,
513 4033 569 4086 cap.
581 4015 633 4081 xl,
646 4040 657 4062 ι
668 4015 763 4067 certio·
806 4028 924 4069 accurate
933 4018 1114 4088 Nepotemhic
1123 4018 1242 4071 locutum
1253 4036 1312 4072 esse

263 4112 320 4150 reru
345 4096 406 4150 lacit
428 4096 578 4158 Datsmeru,
593 4101 695 4164 tempus
709 4112 763 4148 esse
806 4109 895 4148 monet
920 4097 1054 4162 Bremius,
1077 4117 1159 4168 quum
1177 4115 1261 4150 nesus
1283 4111 1312 4151 et

262 4174 361 4230 bellum
382 4191 443 4228 cum
466 4174 524 4244 ipso
546 4190 607 4242 rege
630 4173 734 4245 suscipi.
749 4199 760 4220 ι
807 4175 880 4228 latini
908 4177 1037 4229 sermonis
1064 4175 1165 4230 indoles
1190 4176 1312 4248 requirat

262 4255 352 4321 Qum
383 4252 493 4323 corrigit
519 4255 645 4321 suscepisse
676 4253 763 4305 odium
807 4255 899 4326 aliquot
913 4256 993 4306 diebus
1015 4269 1081 4318 ante,
1099 4255 1161 4327 quia
1181 4254 1249 4309 illud
1266 4275 1312 4309 re·

263 4334 364 4388 Verum
375 4348 426 4385 vox
437 4329 720 4401 psonnsindicnt,ihi
732 4331 765 4385 de
808 4333 899 4404 spiciat
914 4335 1134 4404 loquentem,hoc
1146 4353 1204 4387 rem
1219 4353 1313 4388 nerra·

263 4432 332 4469 nora
346 4410 448 4467 satione
463 4409 526 4464 belli
538 4410 696 4483 suscipiendi
711 4430 766 4465 ser·
809 4425 870 4465 tam
888 4412 1025 4468 Notandus
1048 4425 1118 4468 certe
1139 4413 1248 4468 videtur
1268 4413 1315 4468 hie
