2768 5198
291 759 360 824 AD
388 758 721 848 CORNELIUM
747 758 1015 827 NEPOTEM.
1112 758 1184 856 347

142 897 248 953 aretur,
262 884 444 940 duriusculum
460 889 516 939 lore
529 887 694 940 existimavit.
706 886 824 939 Omnino
831 900 918 943 autem
927 890 1073 943 Puteanum
1083 909 1190 962 sequor,

141 965 250 1020 umdem
265 985 382 1032 resisum,
396 967 452 1019 sine
466 967 689 1038 transpositione,
709 982 901 1038 agnoscentem.
922 968 994 1034 Quid
1008 970 1078 1022 enim
1091 969 1190 1023 durum

142 1045 212 1099 llud?
222 1046 328 1099 Arbores
337 1057 406 1097 erant
416 1047 459 1098 boe
466 1046 576 1107 coasilia,
591 1059 618 1098 at
627 1058 675 1116 teg.
687 1044 729 1100 Ad
736 1046 886 1101 evitandam
897 1049 1081 1118 repetitionem
1089 1088 1097 1111 ,
1105 1066 1189 1120 quum

142 1126 252 1179 reclare
264 1126 352 1197 primo
365 1124 472 1195 quidem
483 1126 627 1197 generatim
641 1144 735 1196 pugnae
750 1126 829 1197 liujus
839 1126 1001 1198 adjumenta,
1017 1148 1104 1180 noram
1115 1142 1189 1180 artem

142 1224 206 1259 nov.
220 1206 360 1258 consilium
374 1206 436 1258 alibi
449 1217 538 1268 vocat,
553 1206 683 1275 singulare
695 1205 822 1259 nimirum
829 1219 856 1259 et
870 1226 885 1259 e
897 1226 926 1259 re
941 1220 1001 1262 natu
1014 1209 1134 1261 celeriter
1146 1226 1189 1261 re·

142 1282 248 1348 enum)
263 1298 289 1337 et
299 1289 349 1337 aba
367 1304 478 1336 summam
490 1304 519 1337 ac
528 1284 710 1338 fortitudinem
723 1285 838 1338 militum
847 1287 991 1358 posuisset,
1004 1286 1101 1341 deinde
1114 1301 1189 1341 artem

142 1365 185 1418 ire
197 1365 337 1418 consilium
351 1360 463 1426 (nomen
478 1365 572 1417 iterare
584 1384 640 1417 non
652 1377 707 1419 erat
714 1383 819 1419 necesse
829 1362 839 1428 )
850 1366 878 1418 in
890 1365 1043 1420 instruenda
1059 1369 1191 1421 aeielouo·

142 1462 183 1515 [ue
198 1442 310 1517 legendo
324 1445 432 1514 exponit
446 1463 452 1497 :
472 1442 695 1515 quemadmodum
709 1448 820 1497 natatem
834 1445 949 1499 militum
964 1464 1038 1499 num.
1057 1447 1082 1498 5.
1098 1446 1191 1501 itidem

142 1542 248 1577 eorsum
259 1522 382 1577 ostendit
395 1524 501 1581 Arbores
513 1536 583 1575 erant
594 1525 638 1575 boc
650 1524 748 1577 coasilio
759 1544 769 1577 .-
782 1543 836 1577 ιιοιι
849 1543 910 1577 sane
920 1538 994 1578 eraut
1002 1526 1053 1579 hoe
1066 1527 1191 1591 oonsilio;

142 1601 178 1656 ud
191 1602 253 1674 quia
267 1617 355 1667 erant,
369 1604 480 1657 consilio
495 1603 584 1657 solerti
597 1604 661 1656 aciei
674 1603 954 1669 accommodabuntur;
974 1603 1007 1656 ud
1027 1624 1057 1657 es
1075 1605 1191 1671 seilicet,

142 1700 190 1753 [un
201 1681 514 1754 praecedunt‚'reiereuda
527 1696 565 1736 est
578 1683 634 1736 haec
648 1685 805 1755 βραχυλογία.
819 1683 899 1750 Quod
912 1685 1044 1754 objectum
1058 1697 1113 1749 est,
1122 1685 1192 1737 erbo·

142 1781 183 1814 m
195 1766 318 1814 mrtemm
336 1783 384 1815 aon
403 1763 513 1833 impedire
534 1767 677 1835 equitatum,
692 1764 737 1815 sed
753 1764 900 1815 crebritatem
915 1765 981 1816 silve
994 1783 1023 1814 uc
1037 1764 1191 1824 densitatem

142 1859 187 1895 ton
200 1843 374 1895 concesserim
389 1842 507 1895 omnino.
527 1843 593 1908 Quis
609 1843 681 1897 enim
693 1862 749 1897 non
768 1842 872 1906 rideat,
889 1844 995 1896 arbores
1006 1843 1068 1896 licet
1082 1861 1153 1895 raras
1166 1856 1193 1896 et

142 1921 284 1973 terseriem
298 1921 452 1983 enatas,sed
467 1922 555 1975 multis
571 1923 636 1974 locis
649 1935 750 1988 tamen,
761 1922 875 1976 Miltiadi
889 1921 1049 1989 subsidium,
1060 1922 1130 1977 hosti
1145 1923 1194 1975 im·

142 1998 315 2052 sedimentum
330 2001 458 2061 attulisse,
479 2006 553 2072 cujus
575 2003 676 2073 equites
697 2020 746 2055 neo
768 2003 883 2072 ubique,
904 2021 952 2055 uec
969 2003 1054 2054 libero
1069 2003 1193 2067 incursu,

142 2090 285 2153 mpetuque
297 2099 327 2132 ac
335 2099 454 2137 recursu.
469 2100 517 2134 nec
529 2094 628 2152 quanto
639 2081 781 2154 cupiebant
787 2082 901 2153 agmine,
909 2082 1034 2134 arborum
1042 2082 1193 2134 interventu

142 2158 245 2211 rrnliari
257 2171 388 2229 poterant.
406 2161 475 2232 Ergo
488 2161 533 2212 hie
548 2159 655 2231 quidem
668 2161 736 2214 nibil
751 2162 877 2234 scrupuli.
892 2160 950 2214 Sola
962 2173 1054 2228 restat,
1069 2180 1129 2234 quas
1139 2180 1194 2213 me·

142 2250 266 2305 noratur,
287 2240 449 2292 Marathonii
471 2241 556 2311 campi
576 2240 706 2311 planities.
727 2239 779 2292 sed
796 2239 862 2313 quid
881 2241 1046 2313 implicamus
1063 2260 1120 2293 rem
1135 2240 1196 2294 satis

142 2316 300 2390 medium?
313 2321 353 2370 An
364 2334 483 2390 pugnant
494 2321 542 2372 ista
554 2338 561 2372 ε
577 2338 684 2390 campus
697 2321 752 2392 ipse
761 2321 855 2391 planus
864 2335 920 2373 erat
933 2333 958 2372 et
969 2321 1096 2393 equitatui
1106 2333 1196 2392 aptus;

142 2408 161 2450 et
173 2398 224 2451 sub
235 2396 369 2450 radicibus
385 2400 482 2451 montis
498 2398 592 2464 adsiti,
608 2401 713 2452 arbores
728 2398 817 2452 multis
836 2400 901 2453 locis
917 2401 1020 2453 tractim
1036 2413 1118 2452 enatu
1130 2399 1197 2452 vise·

142 2486 240 2530 marr.
259 2477 402 2531 Gebbardns
414 2492 501 2531 tamen
511 2480 540 2530 de
556 2480 678 2531 arboribus
686 2483 812 2550 prostratis
821 2479 943 2549 conjicit,
957 2478 989 2532 ad
1000 2477 1200 2551 impediendum

142 2555 282 2627 equitatum
297 2558 413 2610 hostium
432 2554 475 2618 (ut
488 2579 528 2629 ap.
546 2560 658 2612 Frontia.
677 2579 712 2623 a,
730 2556 789 2627 9.);
811 2559 892 2630 igitur
908 2577 957 2630 pro
975 2579 1039 2611 raroe
1059 2555 1201 2629 legendum

142 2648 216 2701 met,
228 2648 323 2698 strate,
341 2637 446 2709 quodsi
461 2639 489 2690 in
504 2636 595 2691 codice
607 2639 662 2690 ullo
678 2638 856 2710 reperiretur,
867 2640 921 2710 jam
935 2636 1018 2691 dubio
1033 2657 1075 2691 res
1087 2651 1202 2700 careret,

142 2715 288 2788 sptimeque
308 2718 410 2769 consilii
435 2717 504 2769 ratio
523 2719 714 2790 explicaretur,
727 2719 855 2771 nimirum
872 2731 901 2770 ut
921 2736 935 2770 a
955 2732 1028 2790 tergo
1054 2718 1203 2781 montibus,

142 2799 217 2849 Μαι
235 2795 402 2850 concaedibus
418 2799 534 2850 munitos
549 2799 721 2851 Athenienses
736 2798 948 2870 intelligeremus.
965 2799 1041 2852 Boecl.
1064 2800 1152 2869 Atque
1168 2796 1204 2849 sic

142 2876 218 2929 ctiam
231 2876 369 2928 Buebrerus
383 2877 579 2930 rescribendum
600 2879 730 2931 censebat.
756 2878 824 2931 Nam
840 2879 866 2929 in
880 2878 1078 2932 Commentario
1092 2875 1125 2929 ad
1142 2877 1170 2929 h.
1184 2877 1204 2927 l.

142 2954 218 3020 Huc,
233 2959 323 3027 iuquit,
342 2956 527 3011 absurdissima
539 2958 618 3010 lectio
633 2971 680 3009 est.
703 2956 857 3031 Legendum
871 2958 912 3008 vel
925 2969 1008 3007 stmtee
1020 2957 1062 3008 vel
1078 2968 1148 3009 satee.
1164 2955 1205 3007 si-

142 3033 245 3107 guificat
255 3054 283 3089 n.
298 3048 342 3088 aut
355 3035 479 3108 depastos
496 3038 592 3107 passim
606 3048 713 3089 truncos
722 3037 860 3098 arborum,
875 3048 918 3087 aut
929 3048 1024 3087 stratos
1037 3036 1130 3099 luisse,
1145 3034 1205 3105 qui-

142 3116 189 3168 bns
203 3132 318 3168 aucmaus
326 3117 444 3187 equitum
457 3114 639 3188 impediretur.
652 3115 742 3185 Longe
753 3115 891 3167 inferiores
899 3133 1011 3167 numero
1021 3126 1097 3166 erant
1105 3113 1206 3178 Graeci3

142 3195 242 3266 ltaque,
255 3213 289 3247 ne
302 3197 475 3249 barbarorum
489 3193 659 3248 multitudine
673 3193 873 3251 clauderentur,
890 3195 987 3264 partim
1001 3212 1015 3245 a
1030 3193 1083 3247 loci
1097 3192 1205 3264 ingenio

142 3274 264 3346 petebant
276 3274 443 3346 praesidium,
459 3275 557 3346 partim
570 3286 625 3327 arte
641 3286 720 3346 atque
734 3274 837 3327 solertia
854 3275 1011 3328 efficiebant.
1028 3274 1114 3326 Locus
1127 3273 1206 3325 iacie-

142 3354 203 3419 bat,
215 3372 249 3406 ne
258 3372 288 3407 er
299 3356 378 3408 altera
388 3368 474 3426 parte,
486 3374 537 3426 qua
552 3368 654 3407 montes
666 3354 822 3425 surgebant,
834 3351 923 3405 invadi
936 3367 1056 3424 possent3
1071 3372 1112 3404 ars
1127 3371 1206 3414 vero,

142 3451 191 3500 ne,
205 3450 257 3504 qua
271 3435 375 3506 patebat
388 3453 509 3505 campus,
523 3435 658 3487 incurrere
673 3434 802 3505 equitatus
814 3445 916 3504 posset,
925 3432 1018 3504 positis
1027 3445 1116 3485 contra
1128 3445 1205 3483 trun·

142 3512 179 3567 cis
194 3513 332 3579 arborum,
347 3515 393 3585 qui
407 3513 566 3584 impedirent
582 3512 741 3567 accedentes.
764 3514 881 3565 Pertinet
896 3513 947 3565 hoe
961 3510 994 3563 ad
1007 3513 1145 3582 septimam
1158 3509 1205 3563 de·

142 3590 277 3664 pugnandi
296 3594 425 3647 rationem
436 3594 553 3664 Vegetii,
570 3592 603 3647 de
616 3612 681 3664 qua,
701 3605 731 3645 ut
745 3593 845 3647 caeteris
858 3593 952 3653 etiam.
966 3592 1012 3644 lib.
1023 3610 1076 3658 ιιι,
1087 3610 1145 3662 cap.
1158 3610 1202 3647 ro.

142 3673 260 3743 exponit.
272 3672 334 3727 llaec
348 3674 494 3726 Buclmeras.
510 3674 595 3736 Mihi,
609 3685 638 3726 ut
652 3673 766 3743 ingenue
779 3674 874 3736 luteae,
889 3671 1010 3726 nondum
1020 3672 1112 3742 liquet.
1126 3671 1204 3722 Cete-

142 3769 203 3805 rum
215 3764 317 3817 artem,
334 3772 385 3824 qua
401 3751 534 3807 Miltiades
547 3773 609 3807 usus
625 3766 663 3806 est
680 3752 804 3806 adversus
819 3752 963 3817 Barbaros,
979 3752 1058 3823 paulo
1074 3750 1203 3803 diversam

142 3831 203 3885 lauit
216 3830 337 3885 Clemens
350 3832 490 3886 Alexandr.
505 3853 516 3886 1
532 3847 625 3887 strom.
637 3853 663 3904 p.
678 3852 715 3886 ι.
730 3833 796 3895 343.
818 3833 911 3893 Noctu,
928 3831 1030 3902 inquit,
1046 3831 1203 3883 detritAtbe·

142 3914 247 3973 armna,
262 3932 307 3982 per
320 3913 372 3965 loca
388 3918 451 3964 invia
467 3915 626 3980 iterfaciens,
643 3925 668 3965 et
681 3932 736 3973 eor,
757 3916 799 3984 qai
809 3915 884 3982 ipim
896 3911 1062 3973 observabunt,
1080 3910 1203 3963 Barbaros

142 3990 268 4062 decpoenr.
286 3993 391 4063 Hippias
403 3998 477 4053 enim,
498 3998 540 4064 qai
552 3991 913 4061 desecemtubAtbeuisnaibes,
931 3991 1044 4044 barbarus
1057 3995 1081 4042 in
1094 3990 1203 4043 Atticum

142 4069 283 4134 meret,
299 4084 323 4123 et
334 4085 478 4143 opportuna,
495 4092 547 4142 qna
555 4084 773 4143 praecerperem.
794 4071 847 4125 Ioue
862 4070 986 4133 mnbat,
998 4082 1124 4142 propterea
1139 4070 1205 4142 quud

142 4160 195 4201 erut
204 4154 296 4220 peritur
310 4157 420 4221 regalistis.
438 4155 479 4207 Ac
491 4149 591 4221 difficile
606 4151 699 4223 quade!
713 4163 778 4213 erae,
795 4152 869 4205 batere
881 4152 1006 4223 Hippiam.
1031 4150 1100 4204 Unde
1120 4153 1203 4201 merito

142 4229 278 4294 Munda,
293 4245 318 4284 et
329 4232 386 4285 locis
395 4236 464 4287 icariis
475 4244 499 4283 et
505 4243 573 4285 mee
581 4251 648 4292 asna,
661 4250 786 4303 eggressus
798 4232 898 4294 Perses,
914 4231 999 4304 quibas
1004 4230 1201 4302 praeminum.

142 4312 167 4361 irs
182 4314 311 4364 eertum
319 4331 371 4363 cum
381 4315 422 4375 iis,
439 4333 537 4385 quorum
552 4316 600 4383 epse
610 4312 662 4365 duc
673 4322 741 4379 eret,
754 4312 1126 4382 :patremfamiliam
1140 4325 1203 4359 eam

142 4389 169 4443 iu
182 4389 233 4444 hac
244 4410 274 4445 re
288 4392 389 4445 Moisen
403 4392 543 4447 imitatum.
557 4392 653 4447 noetus.
668 4388 735 4446 Cod.
743 4391 811 4445 Dan.
820 4397 946 4453 instructu,
960 4394 1103 4463 serapern's
1113 4405 1203 4441 sumna
