2706 4770
147 347 221 431 284
409 346 683 416 CORNELII
711 344 943 413 NEPOTIS

149 479 255 547 morbi
273 479 308 545 in
321 479 421 545 imum
432 474 642 546 intestinum²
657 477 826 571 prorupit,
844 489 881 544 ut
893 490 1044 544 extremo
1055 488 1172 568 tempore

149 608 209 678 per
226 580 364 652 lumbos
376 582 484 652 fistula
507 585 611 677 putris
630 583 783 676 eruperit
805 582 912 674 Atque
929 581 995 650 boc
1013 581 1173 675 priusquam

150 690 179 757 ei
207 687 388 778 accideret,
413 702 587 783 postquam
616 687 651 755 in
676 686 744 755 dies
768 685 899 756 dolores
922 710 1120 772 accrescere,
1140 686 1175 753 le-

150 794 289 887 bresque
310 797 482 864 accessisse
498 794 612 879 sensit,
627 794 806 887 Agrippam
822 818 982 888 generum
994 792 1037 861 ad
1052 817 1086 861 se
1097 816 1176 860 arces

152 900 206 967 siri
220 885 346 990 jussit³,
365 915 491 971 etcum
511 923 551 968 eo
571 901 609 967 L.
628 897 817 968 Cornelium
832 898 990 984 Balbum,
1006 901 1177 991 Sextumque

151 1004 356 1074 Peducaeum.
388 1010 457 1075 Hos
485 1020 522 1074 ut
541 1005 667 1073 venisse
696 1003 794 1091 vidit,
816 1006 850 1073 in
877 1005 1026 1074 cubitum
1051 1006 1177 1073 innixus:

157 1137 173 1173 α
195 1110 381 1198 Quantam,
402 1113 521 1205 inquit,
544 1133 658 1179 curam
677 1108 942 1205 diligentiamque
967 1114 999 1178 in
1021 1108 1179 1178 valetudiue

153 1239 226 1284 mea
251 1217 373 1285 tuenda
398 1217 463 1286 hoc
487 1231 635 1310 tempore
655 1214 879 1302 adhibuerim,
899 1241 1003 1310 quum
1029 1240 1088 1285 vos
1106 1229 1179 1282 teste

155 1320 312 1408 babeam,
330 1321 410 1391 nihil
428 1347 559 1391 necesse
578 1335 627 1390 est
646 1319 795 1415 pluribus
809 1322 920 1390 verbis
935 1343 1179 1392 commemorare.

155 1427 284 1514 Quibus
306 1431 475 1522 quoniam,
495 1443 531 1497 ut
544 1452 661 1522 spero,
683 1425 844 1514 satisfeci,
860 1452 914 1496 me
926 1427 1010 1496 nibil
1030 1426 1135 1521 reliqui
1144 1424 1179 1492 le«

155 1535 252 1619 cisse,
276 1534 366 1627 quod
388 1534 430 1602 ad
451 1534 633 1603 sanandum
654 1557 706 1600 me
731 1535 935 1627 pertineret3
960 1532 1117 1627 reliquum
1132 1544 1181 1612 est,

156 1652 193 1705 ut
206 1653 337 1732 egomet
347 1640 428 1708 mihi
440 1638 618 1708 consulam.
629 1637 670 1707 ld
680 1662 740 1706 vos
754 1639 904 1733 ignorare
914 1638 1015 1709 nolui.
1030 1642 1113 1710 Nam
1122 1634 1180 1705 mli

156 1756 220 1811 stat
249 1743 335 1813 alere
357 1746 510 1813 morbum
534 1745 683 1813 desinere
705 1769 712 1810 :
743 1768 885 1838 namque
903 1745 954 1815 his
976 1746 1094 1815 diebus
1111 1739 1181 1838 quil·

157 1848 237 1942 quid
254 1850 319 1919 cibi
334 1839 486 1945 sumpsil,
499 1852 544 1919 ita
562 1849 703 1945 produxi
724 1851 844 1937 vitam,
858 1866 896 1920 ut
913 1854 1060 1921 auxerim
1081 1848 1182 1919 dolos

158 1956 226 2022 sine
238 1981 295 2050 spe
310 1955 431 2026 salutis.
444 1960 588 2046 Quarea
603 1954 790 2049 vobis‘peto
805 1959 949 2050 primum
964 2010 973 2043 ,
988 1973 1025 2026 ut
1039 1953 1180 2026 consilium

159 2061 304 2153 probetis
316 2088 426 2131 meum
435 2090 445 2150 3
454 2062 586 2148 deinde,
597 2086 639 2129 ne
648 2060 770 2129 frustra
783 2060 991 2132 dehortando
1001 2061 1179 2132 conemini.»

210 2170 321 2235 XXII.
341 2172 413 2236 Hac
431 2173 581 2237 oratione
600 2166 730 2252 habita,
751 2180 842 2236 tanta
853 2171 1039 2238 constantia
1056 2168 1137 2237 vocis
1148 2176 1181 2230 at·

158 2295 222 2363 que
238 2270 365 2360 vultus,
383 2287 421 2342 ut
442 2300 508 2343 non
528 2299 570 2342 ex
587 2274 671 2356 vita,
683 2271 740 2339 sed
757 2297 798 2340 ex
815 2272 930 2342 domo¹
954 2277 987 2342 in
1005 2275 1133 2343 domum
1147 2269 1181 2335 vi·

159 2375 292 2444 deretur
313 2379 469 2471 migrare,
485 2404 588 2473 quum
605 2376 738 2471 quidem
756 2381 903 2475 Agrippa
919 2405 995 2449 eum
1015 2381 1097 2449 flens
1111 2391 1183 2468 atque

160 2481 311 2552 osculans
336 2499 447 2553 oraret
473 2499 571 2578 atquc
592 2484 804 2570 obsecraret,
824 2510 866 2554 ne
890 2487 931 2554 ad
956 2486 1012 2573 id,
1041 2483 1124 2580 quod
1144 2502 1183 2548 m·

160 2601 233 2656 tura
247 2605 396 2682 cogeret,
412 2592 481 2685 ipse
491 2614 622 2684 quoque
633 2587 695 2658 sibi
705 2589 921 2677 acceleraret,
934 2607 968 2660 et
975 2594 1126 2686 quoniam
1135 2602 1185 2656 tum

102 2805 106 2815 ·
204 2799 229 2830 a.
247 2780 275 2832 In
292 2785 361 2833 inrum
376 2785 519 2835 intercisum.
545 2782 597 2836 Cui
609 2772 669 2834 ⁰110·
711 2786 852 2847 meimet,
864 2790 945 2855 cupis
960 2786 1034 2846 older,
1053 2778 1190 2852 dempto

165 2875 224 2910 rnen
242 2871 339 2913 metum.
354 2861 396 2914 Al.
417 2861 467 2932 leg.
483 2867 508 2913 in
527 2881 606 2914 unum
629 2892 669 2904 —
709 2865 780 2931 point
799 2865 851 2914 lero·
868 2868 937 2934 peine
961 2867 977 2914 ὰ
999 2865 1048 2914 Ιέιι
1072 2864 1193 2915 deam

163 2937 259 2989 Fistrda
274 2944 354 3009 putris
374 2947 485 3010 eruperit.
503 2941 616 3003 Morbo,
639 2951 668 2992 ut
713 2940 869 3011 Moneigne,
886 2945 981 3005 Ευαὶε,
995 2944 1027 2995 11
1031 2981 1039 3003 ,
1056 2949 1097 2997 13.

166 3016 305 3070 verisimile
326 3032 381 3081 est,
399 3021 501 3073 Atticus
519 3021 668 3083 laboravit,
752 3028 778 3084 4.
797 3023 923 3093 Quidquid
929 3023 978 3074 eibi
987 3027 1084 3092 sumpsi.
1098 3021 1151 3073 Pon
1160 3011 1202 3067 ὦ

165 3113 244 3165 quem
256 3115 378 3150 vocamus
385 3097 471 3166 fistule
482 3100 616 3152 stemmle.
711 3098 814 3152 addunt
841 3100 950 3172 quidem
976 3106 1141 3174 potiusquis
1161 3085 1203 3148 *ὦ

202 3176 228 3228 3.
239 3175 286 3227 Ad
296 3196 321 3227 ae
333 3181 530 3248 amuirijusu't.
550 3178 585 3230 Ce
598 3180 671 3231 Pon·
711 3180 783 3232 abest
796 3181 831 3233 ab
851 3179 915 3233 edit.
935 3181 1023 3252 princ.
1038 3200 1100 3234 anu.
1122 3185 1202 3247 147οφ

163 3258 250 3321 penius
261 3257 369 3316 ,duarum
388 3259 404 3307 ii
418 3262 460 3328 qui
473 3258 556 3310 Cicero
570 3262 667 3328 escript,
711 3271 739 3311 et
751 3259 828 3312 MSS.
843 3261 972 3331 pluribus.

167 3344 245 3384 esem
255 3334 416 3399 ..tamen
426 3338 531 3407 appeller
542 3338 667 3408 Agrippa,
751 3339 817 3391 Cu.
827 3340 916 3392 xxu.
928 3341 1050 3392 ι.ὒωιο.
1063 3335 1200 3408 limpha·

168 3429 210 3460 soe
222 3413 460 3480 genimetdeurou
475 3417 671 3468 meantem&
712 3418 834 3487 elegans,
853 3437 924 3489 qua,
943 3420 987 3470 vel
1005 3419 1101 3482 simili,
1119 3428 1203 3468 vetem

167 3494 283 3552 scamis,
305 3493 454 3555 etleurdict,
467 3496 673 3568 quereremus&
713 3510 836 3550 utuntur.
855 3497 930 3550 Phio
950 3494 1108 3566 ἀποδημῶ,
1122 3493 1201 3548 ΜΒ

167 3568 670 3644 μ’ἱὶκμίμοίεηὶιιὶκωώίνμ·
713 3571 906 3646 impetens
919 3609 961 3620 -
977 3579 1136 3630 Amin-nr.
1147 3573 1204 3625 ΠΕ·

169 3649 257 3706 n'me
276 3668 320 3719 pn
339 3653 673 3724 maoequ'itsaeiwirpw
713 3657 832 3726 singem
850 3657 1072 3728 preparatum,
1089 3651 1205 3726 qnod*

169 3726 279 3796 «itaq-er
298 3746 326 3778 u
343 3733 398 3788 we,
423 3730 554 3800 cllugma't
569 3739 635 3784 ussi
648 3747 673 3784 er
714 3732 1211 3806 oepirwenetiu,er‚oniuodut

169 3809 316 3876 ammi!
327 3826 355 3856 κ
369 3808 484 3868 doubv,
502 3810 673 3864 descendeti-
716 3815 755 3874 id,
769 3814 963 3868 subulcum
983 3817 1086 3888 Nempe
1100 3813 1214 3867 &fimo

170 3884 671 3956 Mkmmfinit'meeit'wtm,
716 3913 796 3965 quen
818 3913 869 3965 pm
886 3912 957 3947 nen
975 3908 1071 3948 vonna
1088 3879 1216 3946 canufi

170 3964 297 4035 bapti-nt
310 3964 340 4018 d·
355 3968 534 4020 amatam
547 3971 674 4025 nddtk-
716 3971 1219 4046 veliuoonnodifflotatumtlectff’
