2706 4770
146 342 219 414 262
411 342 676 410 CORNELII
703 337 935 410 NEPOTIS

146 487 248 543 taret:
264 503 279 538 κ
291 470 383 559 Noli,
394 499 454 543 oro
468 488 521 559 te,
535 474 640 566 inquit
653 474 872 566 Pomponius,
891 470 1070 545 adversum
1084 496 1140 540 eos
1152 496 1187 539 ne

146 578 230 648 velle
262 580 403 666 ducere,
425 604 502 648 cum
526 578 645 672 quibus
673 603 715 646 ne
745 591 861 647 contra
890 593 923 646 te
949 577 1190 662 aemulemur,

145 685 275 756 ltaliam
287 684 412 778 reliqui.
425 717 442 751 n
457 688 502 753 At
516 683 622 768 Sulla,
631 684 847 754 adolescentis
862 683 993 754 officio⁷
1004 682 1191 770 collaudato,

146 794 256 861 omnia
285 794 492 877 muneram,
521 817 593 885 quae
615 791 753 860 Athenis
780 805 969 885 acceperat,
995 790 1191 885 proficiscens

143 900 239 992 jussit
253 897 383 967 deferri.
399 901 462 967 Hie
484 897 670 992 complures
687 921 793 967 annos
810 911 977 981 moratus,
1000 922 1105 990 quum
1119 896 1191 966 etni
1223 971 1226 978 .

147 1002 297 1073 familiari
321 1019 450 1074 tantum
476 1028 585 1098 opere
614 1003 723 1090 daret,
754 1018 914 1097 quantum
942 1028 1012 1072 non
1038 1002 1191 1098 indiligens

147 1111 282 1180 deberet
300 1126 393 1206 pater
406 1111 558 1198 familias3
571 1124 604 1179 et
615 1111 726 1178 omnia
744 1104 868 1204 reliqua
885 1125 1040 1205 tempora
1049 1125 1108 1180 aut
1124 1107 1191 1178 litte

148 1219 207 1303 ris,
229 1232 287 1285 aut
311 1217 558 1286 Atheniensium
581 1214 769 1311 reipublicae
789 1216 975 1285 tribueret:
997 1215 1190 1285 nibilominus

148 1326 261 1392 amicis
274 1324 401 1392 urbana
419 1323 529 1393 officia
545 1323 703 1416 prestitit.
719 1323 807 1391 Nam
820 1337 855 1391 et
871 1321 913 1391 ad
925 1308 1080 1392 comitia⁸
1094 1344 1189 1392 eontu

148 1433 337 1517 ventitavit3
349 1445 400 1514 et,
422 1432 449 1499 si
468 1452 533 1523 qua
549 1453 601 1496 res
615 1428 723 1522 major
734 1443 809 1497 aeta
821 1444 889 1516 est,
902 1453 970 1496 non
984 1429 1099 1498 deluit
1117 1430 1190 1498 sim

149 1538 303 1606 Ciceroni
316 1539 350 1604 in
372 1535 525 1605 omnibus
539 1536 610 1629 ejus
627 1532 779 1628 perieulis
793 1533 991 1630 singularem
1013 1535 1113 1604 fidem
1127 1556 1188 1627 pre

149 1644 222 1712 buit
236 1669 244 1711 :
259 1645 312 1712 cui
332 1667 373 1711 ex
391 1644 498 1737 patria
517 1639 672 1736 fugienti⁹
689 1643 873 1710 sestertium
892 1640 1038 1710 ducenta
1057 1655 1094 1710 et
1111 1641 1186 1735 quiu-

149 1751 304 1844 quaginta
326 1747 426 1817 millia
452 1748 596 1817 donavit
618 1745 849 1841 Tranquillatis
878 1760 987 1815 autem
1018 1747 1116 1816 rebus
1136 1747 1185 1814 uo

151 1858 255 1925 manis
264 1854 300 1942 ¹⁰,
332 1857 525 1949 remigravit
555 1842 718 1939 Romam,
745 1868 784 1921 ut
816 1854 955 1947 opinor,
982 1856 1023 1922 L.
1053 1856 1186 1923 Cottaet

151 1965 189 2031 L.
211 1964 380 2056 Torquato
398 1965 490 2032 Coss.
506 1987 516 2044 3
530 1985 629 2054 quem
641 1960 729 2028 diem
746 1961 792 2029 sic
806 1961 958 2028 universa
976 1961 1094 2028 civitas
1109 1957 1184 2027 Athe

152 2070 312 2137 niensium
333 2082 510 2162 prosecuta
531 2082 601 2154 est,
618 2079 656 2134 ut
672 2065 825 2159 lacrymis
849 2065 1002 2134 desiderii
1022 2065 1122 2134 futuri
1140 2061 1182 2131 dtr

151 2173 255 2242 lorem
277 2173 445 2242 indicaret.

204 2280 245 2344 V.
269 2278 421 2346 Habebat
442 2277 643 2346 avunculum
659 2279 701 2366 Q.
719 2277 904 2360 Caecilium,
924 2279 1068 2370 equitem
1088 2278 1180 2344 Rona-

151 2407 252 2468 num‚
267 2381 460 2451 familiarem
474 2386 511 2451 L.
532 2382 699 2470 Luculli¹,‘
713 2382 862 2468 divitem,
876 2380 1071 2452 difficillima
1083 2395 1180 2450 naun.

151 2488 257 2581 Cujus
276 2489 323 2557 sic
342 2489 551 2583 asperitatem
576 2491 700 2559 veritus
719 2503 768 2558 est
778 2487 800 2576 ²,
819 2504 873 2575 ut,
891 2513 1106 2583 quemnemo
1121 2487 1181 2556 tene

153 2718 277 2770 tentaret,
295 2719 325 2758 ut
336 2723 424 2758 seeum
439 2704 659 2777 prolicisoeretur.
704 2704 766 2759 dem
775 2706 811 2758 V.
821 2705 851 2758 C.
860 2705 991 2766 Latmum,
1000 2723 1082 2776 opere
1093 2697 1179 2756 luobu-

153 2818 194 2828 -
204 2786 257 2839 Oro
268 2797 298 2838 te.
311 2786 510 2857 interponitur,
523 2797 552 2837 ut
563 2806 659 2857 quoeso,
748 2803 791 2837 io.
808 2784 981 2856 Tmnqui'llati's
991 2796 1070 2836 aum
1082 2783 1140 2835 rato
1147 2777 1181 2831 de·

153 2865 247 2918 amabo.
264 2871 321 2918 Tzs.
336 2897 376 2907 —
396 2864 493 2919 nott...
514 2864 584 2917 uelle.
608 2866 661 2918 Pro
680 2896 682 2900 ·
704 2867 789 2916 manu.
815 2863 912 2936 Sopitis
934 2862 1004 2916 odiis
1023 2863 1142 2917 civilibus
1155 2883 1181 2898 “

153 2945 216 3006 noli,
233 2942 277 2996 sed
290 2944 374 2998 molto
389 2942 512 2997 validius.
587 2941 591 2952 “
706 2944 782 3013 Quem
796 2944 869 3006 diem
881 2955 931 2996 ete.
944 2943 1063 2996 Atticum
1077 2936 1181 2996 diroti&

195 3043 221 3094 7.
239 3022 660 3094 Officiovirtuteseilicetetlide·
704 3034 757 3074 tem
776 3035 850 3076 tanto
864 3024 991 3076 nimirum
1007 3024 1182 3094 ellectu-pm*

152 3102 226 3156 litate
239 3104 266 3157 in
277 3105 375 3157 amicos
386 3117 412 3156 et
422 3104 500 3158 cives.
703 3114 764 3154 cute
784 3116 824 3155 eat
841 3102 1042 3156 Atheniensium
1059 3102 1182 3160 civiumt

196 3185 222 3236 8.
238 3184 284 3236 Ad
295 3187 391 3236 comitia
404 3204 492 3240 eorum.
508 3182 541 3236 ld
555 3179 609 3246 est}
628 3181 661 3236 ad
703 3182 827 3255 lacrymis
843 3180 963 3235 dolorem
980 3202 1012 3236 ex
1026 3180 1147 3237 desiderio
1156 3173 1182 3226 fi·

154 3262 261 3315 comitia
277 3263 440 3327 ventitabat,
461 3265 489 3316 in
509 3263 606 3334 quibus
627 3263 661 3316 de
705 3274 767 3314 turo
782 3275 939 3334 oonoeptum
957 3262 1094 3316 indicaret.

155 3341 299 3393 amicorum
307 3360 415 3394 suorum
426 3341 598 3414 dignitatibus
607 3361 663 3416 age·
742 3342 844 3396 Canv.
855 3360 878 3395 r.
887 3342 990 3395 omitt.
998 3344 1053 3409 Qui
1062 3362 1092 3396 ex
1100 3333 1185 3394 Atitllffl

153 3420 436 3491 batur;quumillorum
443 3423 597 3492 petitionem
604 3440 663 3476 euo-
704 3420 774 3474 bello
793 3435 884 3475 oontrt
903 3421 1089 3477 Mithridatem
1106 3426 1186 3489 mttw

156 3498 261 3553 totitate
273 3498 300 3553 ei
314 3499 441 3571 suffragio
453 3503 545 3569 juvere
557 3516 653 3571 posset.
704 3498 810 3554 divitias
827 3515 1019 3574 reportarem,
1041 3517 1068 3557 et
1083 3502 1186 3575 pout!lt

196 3598 223 3647 9.
251 3579 374 3649 Fugienu'.
397 3578 499 3650 Nempe
521 3591 581 3631 aute
607 3581 662 3634 exi·
706 3581 733 3633 in
746 3582 838 3635 luxum
851 3598 953 3653 pronus
966 3564 1190 3636 demmin&

155 3658 237 3723 lium,
266 3657 362 3711 Clodio
383 3670 490 3711 auctore
511 3657 663 3727 decretum,
707 3663 819 3714 Xerxem
828 3674 942 3733 togatum
951 3659 1194 3735 appellaturum

156 3737 533 3808 seoesseratdtbenmquum,
546 3739 663 3811 Chryso-
706 3752 774 3794 auct.
790 3740 924 3794 Plutarch.
943 3740 1071 3803 Lucullo,
1087 3725 1198 3794 xm*

155 3837 226 3889 gono
239 3818 266 3870 in
282 3817 402 3871 oratione
416 3816 467 3888 pro
477 3818 572 3871 Roscio
586 3823 664 3873 Anae·
706 3820 857 3874 Taacuoon.
877 3851 917 3864 -
965 3820 1094 3891 ffcillim
1118 3818 1204 3871 καθ’

156 3898 216 3951 rino
228 3898 343 3963 oisemo,
357 3896 435 3969 Syllo
448 3897 515 3951 irem
526 3911 661 3953 metueret.
706 3900 766 3965 Qua
777 3897 882 3972 prediti
895 3906 983 3953 morosi
993 3913 1128 3955 vocentur.

156 3977 396 4033 temtaretur
403 3977 579 4034 ducentevid.
589 3998 662 4035 eutu-
749 4000 774 4034 a.
784 3981 881 4033 Veritus
887 3991 930 4033 est.
937 3977 1063 4049 Indulsit,
1071 3970 1222 4035 uatum*
