2706 4770
166 353 241 431 366
392 353 679 424 EXCURSUS
705 347 1002 423 VARIORUM

162 485 423 543 Terent.Eun.A.II.
430 484 472 537 Sc.
479 485 528 537 111.
535 497 573 537 v's.
581 502 613 537 sa
627 484 721 537 :Haud
729 483 812 536 similis
819 488 891 553 virgo
901 496 939 534 est
945 486 1076 552 uirginum
1086 496 1217 547 mmm,

164 570 211 622 nbi
219 565 281 620 vide
290 563 386 617 Donat.
400 564 510 629 Cicero,
520 564 568 617 lib.
583 582 606 616 11
619 562 655 616 de
667 563 738 617 offic.
754 582 812 635 cap.
829 564 878 627 15,
891 563 981 634 quoda
993 569 1082 616 nostris
1101 565 1220 618 hana·

165 668 229 719 soepe
237 655 386 714 usurpatum,
397 643 416 696 i.
423 661 446 697 e.
452 644 584 729 Romanis.
590 662 616 696 v.
624 642 734 696 Munek.
743 641 776 695 ad
784 643 881 714 Hygin.
888 642 937 695 lib.
946 660 971 694 ιι
979 681 987 710 ,
995 643 1066 696 Λ.Ρ.
1076 662 1102 697 e.
1112 663 1155 715 17.
1162 646 1219 699 ssu.

205 770 369 832 semmua,
380 765 462 832 VIII,
480 784 508 838 p.
528 765 596 819 183.
616 765 764 819 Nectembe.
785 763 923 818 Nectanabe
938 763 1098 835 legendum,
1117 785 1181 831 nou,
1192 779 1218 820 nt

164 849 261 901 habent
273 845 391 918 exempla
402 846 520 910 Veneta,
532 845 678 899 Natlnbide.
700 844 741 898 sic
754 843 824 897 enim
837 843 909 895 huns
923 845 1061 916 appellant
1070 846 1214 907 Pinnem.

164 926 286 980 Diodorus
301 923 406 986 Siculus,
424 924 568 995 Polyaenas;
583 924 633 977 nisi
645 921 718 995 quod
730 918 866 993 &inaniunt
879 923 1052 985 Maenadas,
1068 937 1096 976 et
1106 925 1217 977 Nm·

165 1006 214 1066 bis,
230 1017 257 1058 et
271 1003 414 1071 Nectenebin
426 1003 459 1056 als
474 1002 525 1055 illis
537 1004 697 1056 nominatur.
718 1002 799 1068 Quod
812 1014 898 1056 autem
914 1003 943 1054 in
956 1004 1125 1074 apophthegm
1134 1006 1212 1057 tam

164 1081 304 1139 Nesaassisu
318 1083 445 1154 scriptum
460 1096 513 1148 est,
529 1096 644 1135 erratum
655 1101 710 1136 esse
720 1095 792 1154 puto.
813 1081 950 1133 Lambinus.
968 1082 1136 1136 Maliaka.
1152 1084 1214 1136 Oas-

163 1164 225 1215 dide
234 1163 353 1228 Africano
361 1174 400 1215 est
407 1159 576 1226 Νικιαναίὼ,
585 1162 655 1215 Aba!
663 1161 771 1232 Faragin
782 1161 809 1213 in
821 1160 930 1214 historia
936 1159 1128 1232 dymnum,
1133 1181 1160 1233 p.
1169 1165 1212 1231 89,

163 1241 327 1303 Nectanebus,
345 1239 391 1294 sed
401 1239 593 1294 Patricidoesive
602 1240 723 1314 Eatydu'o
737 1241 766 1293 iu
779 1239 872 1293 Annal.
890 1258 918 1311 p.
934 1245 993 1294 266
1003 1279 1011 1304 ‚
1022 1241 1126 1293 Pteme·
1137 1240 1210 1292 Sesa-

164 1321 229 1375 neel.
248 1322 372 1375 Ceterum
384 1321 530 1392 Agesilaus,
554 1320 643 1373 Tacho
654 1339 736 1392 regno
748 1320 837 1391 pulso,
853 1318 1004 1372 Nectanebi
1017 1318 1164 1373 adluat:
1179 1331 1209 1371 ut

162 1414 271 1472 apparet
281 1419 295 1452 e
304 1400 476 1471 Xenophonte,
491 1401 634 1460 Plutarcho,
646 1400 762 1472 Polyaeno
769 1418 798 1452 ac
806 1397 925 1451 Diodoro.
939 1398 1147 1451 Dsudomtsmen
1156 1398 1207 1462 sit,

162 1481 311 1551 Agesilaum
322 1498 337 1531 a
350 1478 456 1543 Tacho,
471 1478 601 1530 beneficio
621 1481 676 1550 ejus
693 1479 833 1542 restituto,
846 1496 902 1530 non
915 1495 931 1530 a
943 1470 1106 1542 Nectenebn
1117 1478 1206 1549 negui-

160 1557 218 1613 ficis
237 1560 389 1611 muneribus
408 1556 545 1609 donatum.
563 1556 643 1623 Quod
660 1558 684 1610 ei
701 1557 819 1611 assentiri
836 1575 890 1609 non
904 1555 962 1609 vult
982 1557 1102 1619 Usamus,
1113 1570 1172 1627 peste
1190 1574 1202 1609 ι

161 1639 297 1699 ambiam,
312 1639 341 1689 T.
356 1636 388 1698 V,
397 1656 456 1708 pag.
470 1641 534 1705 269.
545 1636 640 1689 Bosisss.
653 1637 719 1691 Sane
731 1656 745 1689 a
758 1636 925 1700 Nemmio,
936 1648 968 1687 ut
976 1636 1024 1690 hie
1031 1637 1116 1709 Nepos
1126 1635 1206 1701 sees,

159 1716 305 1788 magnificis
320 1716 473 1768 muneribus
486 1716 535 1768 luit
550 1712 662 1769 donatus
681 1716 827 1787 Agesilaus,
847 1715 910 1787 quia
925 1715 1049 1769 Tacbum
1061 1714 1207 1780 ducunt,

158 1795 198 1848 irs
212 1798 240 1849 in
253 1814 313 1848 eum
327 1796 512 1860 exacenbatns,
527 1807 553 1847 et
566 1813 580 1846 a
593 1794 744 1858 Nectenebo
757 1807 877 1861 steterat,
891 1793 938 1866 qui
951 1797 1012 1865 ejus
1025 1814 1105 1868 open
1114 1794 1208 1867 Egypt

158 1892 284 1948 regnum,
305 1893 319 1926 a
333 1871 470 1927 Mendesio
483 1871 612 1945 quodam,
631 1873 745 1945 fugiente
758 1873 861 1940 Tacho,
874 1886 1053 1944 occupatum,
1073 1874 1122 1928 sibi
1132 1871 1208 1927 vindi·

159 1954 244 2009 cavit:
259 1951 331 2007 uude
343 1971 358 2005 a
368 1954 471 2025 Nepote
486 1972 532 2007 rex
545 1965 663 2007 vocatur.
672 1948 858 2007 Vid.Wessel.
870 1951 903 2005 ad
915 1951 1029 2006 Diodes.
1038 1953 1114 2007 Sienl
1123 1953 1206 2017 lun,

157 2052 215 2107 cap.
224 2034 277 2104 93,
288 2052 361 2087 num.
374 2052 421 2102 91·
432 2033 602 2099 Plutarchus,
616 2051 675 2104 pag.
686 2036 752 2102 617,
767 2031 845 2102 hujus
856 2032 969 2104 Agesilai
984 2032 1111 2086 facinoris
1119 2031 1207 2086 amissi·

158 2131 232 2165 mum
245 2132 342 2166 nomeu
356 2132 411 2166 esse
420 2113 593 2182 proditionem,
610 2109 684 2165 dicit.
695 2108 771 2165 Adde
782 2130 840 2183 pag.
850 2112 916 2165 618.
931 2110 1056 2165 icium.
1068 2110 1205 2166 nomene

158 2192 235 2243 Voss.
251 2193 290 2255 Α,
303 2192 408 2244 Nabide.
423 2192 459 2256 B,
475 2191 592 2245 Onabide.
602 2189 674 2242 Vide
686 2203 743 2244 not.
756 2209 834 2261 prese.
846 2187 879 2242 de
893 2188 967 2244 vocis
981 2191 1155 2263 scriptunni
1167 2188 1206 2242 liic

156 2287 261 2340 quoqne
274 2270 411 2322 Nectanebo
423 2271 595 2339 preferatur,
611 2269 681 2322 utin
693 2270 821 2337 Chabrias,
835 2288 891 2341 cap.
913 2289 940 2334 s,
953 2289 1006 2341 pes
1016 2289 1060 2323 me
1071 2271 1135 2324 linet.
1144 2268 1203 2322 sm.

156 2350 204 2400 Ax.
218 2348 272 2401 Gn.
287 2347 447 2399 Notonabs'de.
466 2347 516 2401 Ed.
537 2349 675 2419 princeps,
694 2350 757 2420 Δις.
773 2362 882 2419 utraque
895 2349 980 2402 Paris.
996 2344 1059 2403 Alai
1074 2348 1204 2405 Nm.

155 2424 206 2479 Ed.
224 2427 294 2499 Mag.
315 2426 407 2479 Lamb.
429 2426 508 2480 Boecl.
528 2429 589 2481 Bos.
608 2428 757 2482 Nectanabs.
783 2428 881 2480 Omnes
897 2427 954 2481 lere
979 2448 1079 2483 nomeu
1100 2429 1126 2482 iss
1143 2425 1205 2479 elida

155 2505 261 2559 finiunt.
270 2505 378 2576 Optime
392 2505 472 2578 igitur
483 2505 659 2577 Heusingerns
673 2507 836 2559 Nectanabide
849 2505 948 2570 edidit,
957 2507 1037 2578 quod
1046 2511 1095 2580 jam
1104 2507 1131 2559 iu
1142 2523 1204 2578 pn·

154 2585 313 2640 stantissimo
325 2586 382 2639 Ult·
398 2585 542 2658 exemplari
562 2587 639 2639 claris
654 2586 748 2639 litteris
765 2604 917 2657 expressum
929 2586 1043 2659 legium.
1054 2584 1150 2641 Bardili·

193 2710 340 2776 Eumns3
351 2709 381 2773 1,
394 2728 420 2780 μ
438 2711 502 2763 ι86.
524 2709 618 2761 Assera
631 2711 736 2780 equiem
745 2710 802 2761 ald.
819 2706 865 2760 Sic
875 2707 952 2763 MSS.
959 2709 1020 2764 Gis.
1030 2711 1127 2764 Senon
1134 2707 1200 2762 ned.

153 2787 270 2860 itemque
283 2788 326 2840 alii
338 2788 467 2840 Lamblno
480 2788 631 2853 memorati,
650 2787 808 2858 suffragante
818 2786 926 2840 Gilanio
941 2789 970 2842 in
989 2789 1053 2844 Iud.
1070 2791 1166 2843 Lucet.
1179 2806 1201 2838 v.

153 2886 217 2921 nne.
232 2867 333 2932 Cesar,
348 2865 381 2918 de
395 2868 426 2919 B.
437 2866 506 2918 Gall.
525 2885 549 2929 1,
566 2884 617 2937 η,
633 2884 723 2938 nequa
738 2867 800 2937 legi>
814 2866 897 2919 alterae
915 2867 1201 2938 legionisuiu'dssess'ee

149 2950 234 3017 passis.
245 2947 288 2998 Sic
300 2963 390 2998 omnes
398 2944 472 2997 MSS.
481 2944 589 2997 Brantio
597 2945 647 2997 visi
655 2945 778 2999 habuere.
786 2946 941 3012 Terentius,
953 2947 1054 3002 fleant.
1065 2950 1106 3010 11.
1114 2966 1134 3001 ιι
1142 2946 1198 3012 ,3ο,

146 3025 204 3096 ¹lutee
220 3028 271 3096 ι’ρια
285 3028 310 3077 in
324 3027 407 3076 itinere
418 3025 502 3075 alterae
512 3024 567 3076 dum
577 3035 668 3076 narrat.
678 3024 766 3088 Infra,
776 3025 828 3078 XX
836 3063 844 3090 ,
852 3043 904 3089 m,
922 3045 953 3093 s,
970 3039 1065 3080 tantus
1077 3032 1146 3080 nd·
1154 3037 1201 3077 tn

152 3105 237 3156 insulse
246 3105 380 3157 conciliavit
387 3123 397 3155 .·
407 3104 444 3156 sic
454 3104 525 3156 enim
536 3121 552 3155 e
565 3102 621 3156 MS.
635 3101 782 3173 legendum.
794 3105 828 3156 Et
841 3105 876 3158 ita
885 3118 990 3160 veteres
1001 3107 1072 3161 hanc
1083 3119 1108 3161 et
1117 3104 1200 3160 imile·

152 3200 228 3236 voces
236 3184 298 3236 alias
309 3181 455 3248 inflexisse,
465 3182 561 3236 docent
572 3182 734 3249 Priscianus,
744 3183 789 3235 lib.
796 3201 840 3248 ιη
848 3184 973 3251 Vossius,
985 3184 1024 3239 de
1033 3187 1127 3257 snalug.
1137 3205 1165 3250 s,
1174 3184 1199 3245 i,

151 3274 178 3314 et
190 3280 256 3332 quos
270 3261 309 3313 ibi
322 3259 425 3325 laudat,
439 3262 554 3332 itemque
564 3261 747 3332 Bangius‚lib.
761 3280 785 3326 1,
800 3280 827 3333 p.
841 3269 885 3328 40.
899 3264 993 3329 Qunre
1008 3285 1063 3319 nnn
1077 3262 1197 3325 dubitavi.

151 3339 188 3391 sie
202 3360 253 3412 pro
266 3341 346 3402 alten,
370 3338 442 3411 quod
458 3342 486 3393 in
501 3341 625 3394 omnibus
640 3339 700 3394 edd.
715 3341 841 3407 liabetur,
860 3343 1018 3398 merthen.
1041 3346 1124 3399 Pom
1134 3344 1197 3396 etse·

150 3419 191 3468 ala
203 3431 255 3483 est,
272 3437 383 3490 quse,c.
401 3421 451 3484 13,
472 3439 504 3487 1,
522 3439 570 3472 nna
584 3419 696 3483 dieitur3
710 3420 761 3472 nisi
781 3421 803 3472 is
821 3421 895 3474 loeus
909 3437 1057 3497 eorruptns
1071 3435 1123 3490 est,
1139 3417 1196 3495 gol

150 3495 226 3548 valde
240 3515 348 3550 vereor:
369 3495 397 3550 id
409 3511 461 3561 est,
478 3517 530 3550 nnn
544 3518 559 3550 e
572 3497 683 3552 duabus.
692 3500 764 3552 nus
775 3502 845 3553 enim
862 3501 1011 3574 antiquitus
1026 3505 1075 3558 alu
1084 3514 1164 3566 emt,
1173 3510 1197 3551 ¹¹

150 3575 191 3628 vel
203 3576 288 3645 ipsum
304 3594 401 3628 nomen
417 3576 493 3630 docet
506 3573 556 3638 (de
566 3597 619 3649 quo
630 3578 814 3647 Gellius,xa1,
827 3587 843 3644 4
856 3618 864 3644 ,
877 3599 907 3634 ae
920 3581 1069 3655 vegetius,
1082 3600 1121 3649 n,
1138 3578 1195 3643 πλεῖ

148 3651 220 3728 qnod
233 3654 323 3705 destroe
339 3674 369 3707 ac
383 3660 487 3707 sinistre
502 3657 654 3710 nominibus
670 3656 908 3729 distinguebantur.
932 3661 1056 3716 Thomas
1065 3661 1192 3719 aeman.

146 3735 253 3794 ὄπιίνυ,
267 3735 389 3805 putabat,
411 3734 526 3787 diversas
541 3735 652 3807 intelligi
669 3735 765 3790 debere
780 3739 846 3807 alas,
865 3751 893 3791 et
910 3739 1064 3796 Eumenem
1080 3740 1193 3815 prid·

145 3816 255 3868 istorum
265 3828 453 3864 sisiannomm
468 3813 515 3865 uni
529 3815 646 3884 equitum
658 3816 718 3883 alae,
732 3834 899 3890 quocumque
910 3820 1192 3889 voeabutonovis'm

147 3906 233 3947 sutem
252 3904 370 3964 tempore
388 3892 467 3943 etiam
485 3892 581 3959 alteri,
607 3910 666 3966 quas
682 3895 790 3948 netem
812 3895 899 3961 dieta,
914 3900 1075 3970 presulem
1091 3899 1193 3969 ideque

145 3973 189 4026 laic
204 3971 237 4026 sle
251 3972 360 4025 maxims
374 3984 448 4042 perte
461 3988 513 4026 xm
527 3990 674 4043 annorum,
694 3993 719 4030 c.
733 3994 797 4030 vem
820 3976 853 4032 13
869 3975 904 4032 ale
917 3991 1054 4047 extrema,
1070 3994 1096 4035 et
1111 3979 1190 4033 ultim
