2706 4770
333 325 447 395 CUM
474 325 616 392 PLUT.
645 325 999 397 COMPARATIQ
1117 327 1191 405 385

131 454 240 527 Nepote
255 454 410 507 Hannibalis
425 453 458 507 ad
474 453 649 514 Antiochum,
665 466 691 505 et
701 455 780 508 Attici
797 455 933 509 morientis
948 457 979 509 acl
991 457 1088 511 amicos
1099 463 1192 531 rerba,

131 537 197 587 satis
213 533 406 600 demonstrant,
424 553 468 587 eos
482 553 536 585 non
554 531 760 586 contemnendos
775 548 891 588 oratores
913 556 968 590 esse
992 540 1128 608 potuisse;
1146 542 1193 596 sed

131 629 230 668 neuter
243 615 293 667 boe
303 614 388 666 laudis
396 634 478 682 genus
490 625 652 666 consectatus
665 626 719 666 est:
732 616 806 684 prior
815 615 938 687 quidem,
948 630 978 670 ut
986 618 1118 676 existimo.
1131 622 1193 692 quia

133 695 164 747 in
177 696 227 747 bac
239 695 345 764 publica
357 696 497 746 verboru
513 706 539 745 et
550 694 737 747 sententiarum
748 714 845 765 pompa
855 696 991 750 hominem
1003 699 1088 769 ipsum
1098 698 1193 772 ‹lepre-

132 773 219 826 beudi
234 793 294 826 raro
309 773 450 826 admodum
465 774 654 836 arbitrabatur;
674 775 803 843 posterior
817 776 900 839 forte,
919 778 980 846 quia
994 779 1038 831 bic
1053 785 1193 849 apparatus

129 872 197 906 cum
212 873 253 916 ea,
267 856 341 923 cujus
355 852 419 905 adeo
432 852 564 905 studiosus
582 866 654 916 erat,
670 853 798 905 brevitate
811 857 918 907 minime
930 858 1096 928 congruebat.

176 935 257 985 Viros
269 934 349 1002 igitur
362 933 469 1003 pingere
482 933 565 983 voluit
578 933 666 1002 Nepos
681 932 779 984 selectis
794 933 969 1002 quibusdam,
984 936 1030 988 sed
1045 937 1139 991 vividis
1153 940 1194 992 in·

131 1012 318 1082 signibusque,
334 1012 437 1064 babitus
454 1025 480 1064 et
498 1030 602 1063 morum
615 1012 787 1064 lineamentis.
808 1013 843 1064 Et
863 1027 933 1066 certe
952 1015 978 1066 in
995 1017 1112 1069 virorum
1127 1020 1193 1072 ima·

132 1092 239 1160 ginibus
253 1094 303 1144 boo
316 1091 397 1144 modo
416 1089 607 1162 exprimendis,
627 1110 681 1142 non
703 1104 849 1144 extremum
871 1092 939 1145 inter
956 1094 1063 1147 Latinos
1077 1098 1193 1151 obtinuit

133 1170 237 1234 Ιοοιιιιι,
250 1170 391 1242 aliquando
404 1190 452 1241 pai·
465 1170 595 1223 Sallustio.
616 1171 716 1234 Quem,
731 1172 845 1242 exempli
858 1174 955 1242 gratia,
965 1175 1052 1227 virum
1067 1177 1192 1247 eloquen-

133 1250 187 1301 tius
207 1250 327 1322 depinxit
342 1253 438 1301 Primus
456 1250 500 1302 ille
515 1251 649 1302 nomm·
640 1269 665 1302 m
676 1252 776 1302 bissena
791 1250 905 1321 Crispus,
926 1268 1004 1322 qaam
1019 1255 1107 1346 Nepos
1122 1257 1193 1326 Epa·

133 1331 270 1382 mirandam
282 1332 323 1382 bis
336 1331 439 1392 verbis,
456 1347 514 1382 m:
532 1331 558 1381 Γ
546 1342 599 1381 rat
614 1333 675 1381 enim
686 1331 816 1392 modestas,
830 1331 950 1400 prudens,
969 1336 1065 1400 grauis,
1084 1341 1194 1404 momori-

133 1407 178 1459 bus
189 1415 308 1478 supienter
318 1423 396 1467 utens,
408 1411 550 1478 peritasl
512 1409 577 1471 belli,
595 1412 667 1474 sortis
678 1429 762 1470 murm,
786 1415 864 1462 ambro
877 1416 995 1472 manaim
1014 1413 1073 1464 adeo
1084 1412 1194 1467 aestuis

133 1488 248 1556 diligens,
268 1502 295 1539 ut
313 1509 341 1538 ne
352 1509 409 1557 saco
424 1489 515 1558 quidem
534 1494 678 1540 mentiretur.
700 1489 765 1539 Idem
780 1493 912 1551 coraliticus,
931 1492 1042 1552 clemens,
1056 1497 1195 1564 patiensque

132 1568 302 1618 admirandam
312 1573 336 1617 in
347 1568 438 1616 modum
444 1588 453 1626 ;
469 1587 515 1618 nort
526 1570 600 1620 solum
606 1569 691 1638 [repuli
696 1604 702 1623 ‚
719 1569 762 1618 sed
770 1573 840 1619 etiam
852 1572 979 1621 amicorum
985 1573 1067 1636 serem
1078 1576 1194 1642 injurias,-

133 1651 158 1697 in
169 1652 300 1716 primisque
313 1651 432 1696 commissa
444 1648 535 1710 celans,
553 1647 617 1718 quod
631 1646 746 1697 interdum
763 1667 809 1698 noa
825 1653 900 1698 minus
906 1651 1016 1718 prodest,
1028 1671 1097 1722 quam
1109 1654 1195 1704 diserte

132 1726 214 1776 dicere
219 1746 228 1784 ;
243 1727 359 1776 studiosus
373 1726 504 1778 audieadi:
525 1748 554 1777 es
567 1728 610 1776 lios
625 1730 685 1776 euim
696 1727 813 1792 facillime
823 1729 884 1778 (bsai
894 1729 1065 1783 arbitrabatur.
1086 1730 1193 1784 Plenam

132 1805 206 1857 illam
224 1818 249 1856 et
271 1807 410 1874 perfectam
426 1804 595 1868 brevitatem,
613 1823 671 1875 quae
687 1817 726 1856 tot
744 1817 795 1856 tam
811 1808 900 1876 paucis
916 1808 1042 1871 includit,
1062 1811 1089 1861 in
1104 1812 1193 1882 primo

133 1904 243 1955 quoque
256 1883 396 1935 Alcibiadis
406 1884 491 1953 capite
504 1885 619 1955 reperire
631 1897 683 1947 est;
700 1896 726 1936 et
742 1884 850 1937 cuilibet
865 1886 1002 1952 Aristidis,
1019 1889 1192 1959 Thrasybuli,

134 1964 256 2016 Cimonis
269 1964 335 2015 vitas
346 1965 490 2026 evolventi,
506 1964 620 2033 plurima
641 1961 792 2032 hujusmodi
808 1978 962 2032 occurrent,
982 1968 1078 2036 quibus
1092 1971 1195 2039 egregie

133 2042 281 2094 Sallustiani
296 2044 356 2113 styli
371 2044 438 2093 acies
455 2044 556 2095 emicat.
578 2043 637 2094 Una
651 2061 718 2111 saepe
731 2045 859 2095 sententia
874 2047 935 2096 satis
948 2056 1001 2109 est,
1019 2064 1077 2116 quaa
1094 2048 1195 2100 absolu·

133 2123 262 2174 tissimam
275 2123 337 2173 clari
349 2123 400 2173 viri
413 2122 552 2192 imaginem
565 2123 592 2173 in
605 2121 696 2173 animis
706 2124 807 2172 excitet.
822 2121 864 2172 Sic
876 2122 941 2173 illud
952 2122 985 2175 de
998 2125 1112 2185 Datame,
1131 2145 1192 2180 vn:

136 2202 195 2271 Quo
213 2204 295 2252 nuntio
309 2201 458 2253 Artaxerxes
473 2214 613 2262 commotus,
634 2200 699 2271 quod
709 2201 868 2269 intelligebat,
891 2202 937 2269 sibi
950 2223 1001 2254 cum
1016 2208 1070 2255 uim
1082 2207 1149 2270 sorti
1164 2226 1194 2256 ac

132 2293 231 2331 strenuo
243 2285 361 2344 negotium
373 2301 433 2340 esse,
448 2285 500 2352 qui,
514 2300 584 2352 quum
597 2285 734 2347 cogitasset,
742 2280 825 2344 facere
839 2281 947 2341 auderet,
962 2287 1062 2352 seprius
1073 2289 1192 2352 cogitare,

133 2381 205 2432 quam
221 2365 304 2411 conari
322 2372 460 2411 consuesset.
488 2359 554 2423 Quae
573 2359 616 2411 hic
635 2356 777 2410 desiderari
794 2371 921 2429 possunt,
942 2375 971 2413 ut
987 2363 1030 2414 ille
1047 2362 1192 2433 prudenter

135 2439 222 2491 audax
230 2441 350 2490 Datames
364 2438 541 2508 intelligatur?

174 2518 227 2570 Sed
243 2520 270 2569 in
285 2519 335 2570 hoc
345 2516 449 2570 dicendi
464 2536 557 2587 genere
569 2518 618 2568 boc
629 2517 759 2587 praecipue
770 2516 931 2580 cavendum,
944 2537 978 2569 ne
990 2520 1103 2589 scriptor
1112 2540 1190 2574 suum

132 2598 225 2669 potius
233 2598 367 2667 ingenium
379 2598 498 2668 prolerre
510 2596 586 2657 velit,
602 2615 680 2665 quam
691 2598 810 2662 intimam
828 2596 908 2664 ipsius
922 2596 972 2645 viri
987 2596 1111 2648 indolem.
1133 2601 1191 2652 lila-

130 2696 216 2747 gnnm
224 2679 293 2729 enim
301 2676 442 2728 discrimen
453 2677 560 2726 interest
569 2675 637 2724 inter
644 2693 714 2735 eum,
723 2675 768 2743 qui
777 2675 892 2742 egregios
899 2674 968 2723 viros
975 2676 1088 2743 propriis
1099 2696 1190 2730 eorum

132 2757 211 2808 lactis
222 2755 356 2826 depingit,
370 2768 395 2806 et
407 2774 483 2817 eum,
500 2754 545 2823 qui
562 2753 614 2804 suis
630 2753 710 2822 ipsius
726 2750 811 2803 dictis.
827 2754 896 2802 Dum
910 2752 995 2821 prior,
1005 2755 1106 2822 egregia
1122 2774 1191 2826 quae.

130 2855 186 2906 que
197 2836 323 2896 facinora,
331 2847 355 2886 et
365 2853 423 2904 quae
431 2833 464 2885 ad
472 2851 556 2884 mores
567 2833 676 2884 maxime
685 2833 830 2901 pertinent,
843 2829 1090 2900 deligendo,virum
1103 2834 1188 2904 ipsum

129 2927 195 2967 ante
211 2915 301 2967 oculos
316 2915 406 2984 ponit,
427 2925 453 2965 et
471 2931 522 2964 una
541 2908 684 2980 eademque
700 2911 758 2962 lnce
775 2923 867 2961 cuncta
886 2911 1031 2972 illuminat;
1047 2915 1189 2981 posterior,

129 2992 277 3046 viridiores
285 2994 425 3045 sententias
431 2989 604 3061 proferendo,
620 3002 645 3041 et
658 3008 672 3040 e
683 2989 770 3042 verbis
779 2990 851 3059 ignes
860 2991 933 3060 quasi
941 2987 1109 3048 excudendo,
1124 2995 1190 3044 scin·

129 3074 202 3125 tillas
210 3073 317 3142 quidem
329 3073 411 3135 elicit,
427 3084 453 3122 at
459 3090 517 3141 quai
529 3087 717 3140 nonnunquam
728 3069 908 3139 perstringunt
918 3069 1019 3137 potius,
1028 3087 1105 3138 quam
1116 3072 1189 3124 illus·

129 3165 214 3204 trant.
227 3153 296 3242 Ergo
309 3150 420 3214 indolis,
431 3159 533 3201 morum
543 3187 551 3211 ,
560 3163 636 3219 atque
644 3150 751 3199 omnino
759 3147 874 3198 veritatis
882 3145 1059 3199 describendas
1072 3149 1187 3217 ratione,

129 3251 193 3303 quae
206 3233 339 3301 praecipua
354 3244 405 3294 est,
421 3230 591 3281 Plutarchum
607 3229 710 3298 Nepote
728 3227 811 3278 multo
827 3229 974 3296 majorem
968 3227 1093 3292 arbitron
1111 3242 1188 3300 atque

129 3324 161 3363 ut
178 3310 402 3380 ingeniosissime,
415 3310 451 3360 sic
467 3322 492 3360 et
504 3309 605 3378 optimo
614 3311 673 3376 jure
683 3305 717 3358 de
728 3325 759 3357 eo
768 3306 883 3356 locutum
894 3305 1024 3357 Gallicum
1034 3309 1189 3377 scriptorem

128 3409 243 3451 oenseo,
263 3392 337 3460 cujus
351 3390 429 3439 verba
445 3389 488 3439 hic
505 3388 658 3440 transferam
675 3384 748 3445 (Ess.
764 3403 808 3434 sur
819 3385 855 3435 les
869 3385 974 3454 Eloges,
987 3385 1028 3436 eb.
1043 3383 1128 3449 1Χ);

177 3470 341 3538 uzipparensi
354 3469 411 3518 milii
421 3471 502 3535 magni
517 3472 617 3517 omnium
631 3478 727 3516 aetatum
738 3467 808 3513 artri:
823 3484 861 3514 eos
873 3463 970 3525 videre,
979 3484 1030 3513 cum
1044 3468 1077 3516 eis
1088 3467 1190 3540 colloqui

132 3577 144 3597 ι
155 3550 230 3606 uolo,
248 3549 384 3617 inquiebat
396 3545 427 3598 ad
439 3548 563 3598 famosam
572 3547 599 3595 in
610 3545 719 3597 Oriente
734 3541 873 3613 quamdam
887 3555 971 3595 vatem
981 3580 988 3604 ,
1000 3562 1058 3612 quae
1071 3559 1189 3605 mortuos

131 3657 143 3675 .
155 3648 190 3680 ex
207 3629 297 3679 inferis
308 3628 420 3678 excitare
436 3644 510 3696 posse
522 3626 676 3694 putabatur,
689 3622 794 3693 quidam
808 3622 901 3673 excelsi
912 3622 990 3672 aniini
1006 3642 1189 3695 generosaque

131 3736 142 3756 ι
157 3707 256 3758 mentis
269 3705 432 3767 adolescens,
453 3706 498 3774 qui
513 3722 573 3755 mox
588 3717 741 3772 regnatmus
755 3715 817 3753 erat.
839 3702 908 3751 Tum
923 3701 1025 3771 sapiens
1045 3705 1086 3754 vir
1101 3706 1189 3756 nescio
1260 3737 1263 3743 ·

130 3816 142 3835 ι
154 3787 232 3858 quis,
247 3805 301 3837 non
315 3786 405 3855 procul
421 3784 483 3835 binc
497 3784 612 3852 ignotam
629 3783 709 3833 vitam
728 3783 824 3850 agitare
838 3781 946 3832 solitus:
965 3782 1039 3850 (luod
1044 3787 1117 3853 petis,
1140 3783 1188 3844 ait,

130 3894 142 3913 ι
152 3887 202 3936 ego
207 3867 310 3931 faciam.
333 3867 375 3915 Ιιίι
384 3865 467 3915 librum
482 3863 544 3913 buae
554 3862 618 3930 lege,
636 3861 861 3932 sequestraretur
873 3872 973 3920 mentes,
989 3866 1101 3912 attentius
1112 3863 1188 3909 coasi-

960 3963 1007 4035 25
