2768 5198
167 723 241 795 300
435 719 703 790 CORNELII
736 719 967 790 NEPOTIS

163 856 263 924 nariis
284 866 417 923 centum
436 852 587 935 venibat3
606 877 668 922 nec
687 851 793 921 multo
817 867 894 947 post
911 851 1011 920 rubra
1029 853 1218 925 Tarentina

164 963 250 1029 Huic
280 959 435 1028 successit
459 948 622 1051 dibaphal
648 960 765 1051 Tyria,
791 983 865 1052 quae
891 959 925 1025 in
952 956 1051 1028 libras
1078 959 1219 1032 denariis

164 1065 253 1134 mille
271 1089 337 1132 non
355 1077 484 1157 poterat
502 1066 575 1132 emi.
595 1067 666 1133 Hac
687 1066 722 1132 Ρ.
743 1061 903 1132 Lentulus
924 1064 1103 1157 Spinther,
1120 1065 1220 1136 aedilis

164 1170 299 1256 eurulis,
314 1171 438 1263 primus
456 1173 489 1237 in
507 1183 664 1263 praetexta
680 1193 758 1238 usus
775 1169 1043 1263 improbabatur:
1056 1195 1123 1264 qua
1140 1197 1217 1265 pur·

165 1301 247 1370 pura
265 1278 337 1368 quis
357 1300 423 1343 non
442 1276 526 1368 jam,
547 1277 667 1368 inquit,
688 1261 898 1343 tricliniariu⁵
916 1273 1012 1342 lacit?
1034 1277 1125 1344 Pan„
1144 1281 1214 1365 IX,

170 1405 211 1475 17
229 1398 265 1448 et
286 1379 345 1475 39.

217 1472 410 1580 Onychem⁵
422 1488 520 1555 etiam
533 1502 604 1555 tum
616 1488 649 1555 in
663 1487 790 1555 hrabiae
804 1488 991 1573 montibus,
1004 1512 1067 1556 neo
1079 1513 1214 1583 usquam

165 1590 289 1678 aliubi,
308 1595 396 1662 nasci
416 1608 575 1687 putavere
593 1594 696 1662 nostri
713 1607 855 1680 veteres3
870 1578 1021 1662 Sudines⁶
1036 1595 1069 1661 in
1084 1597 1216 1663 Germa

163 1700 232 1784 nia,
253 1700 389 1793 potoriis
405 1701 491 1769 vasis
512 1698 588 1767 inde
609 1698 705 1768 factis
723 1700 885 1793 primum,
903 1699 978 1767 dein
993 1697 1132 1792 pedibus
1148 1699 1214 1769 lec-

163 1818 272 1872 torum
288 1804 445 1897 sellisque.
459 1804 632 1874 Cornelius
645 1806 758 1898 Nepos
768 1804 888 1890 tradit,
905 1828 1027 1898 magno
1041 1804 1142 1874 fuisse
1156 1807 1215 1874 mi·

164 1908 292 1998 raculo,
306 1936 407 2003 quum
418 1912 453 1978 P.
469 1909 628 1978 Lentulus
642 1910 798 2004 Spinther
812 1910 989 2003 amphoras
1002 1935 1043 1978 ex
1052 1934 1094 1979 eo
1110 1925 1144 1980 et
1158 1936 1211 1980 ur·

163 2041 239 2084 ceos
250 2014 472 2109 magnitudine
486 2015 644 2085 cadorum
657 2014 1213 2110 ostendisset3postquinquennium

162 2120 296 2207 deinde,
313 2123 446 2214 triginta
463 2122 604 2190 duorum
620 2121 741 2215 pedum
759 2120 962 2215 longitudine
979 2119 1152 2192 columnas
1163 2124 1214 2191 vi·

163 2225 248 2295 disse
268 2252 310 2295 se.
329 2229 479 2313 Plz'miat,
503 2231 676 2313 XXXVI,
696 2252 728 2322 7.

215 2335 276 2401 IX.
292 2331 401 2412 Νέπως
412 2326 446 2401 di
458 2336 626 2427 Κορνήλιος
636 2332 723 2424 “,σύχ
737 2335 794 2400 ὑπὸ
806 2337 921 2428 γήρως,
931 2334 1037 2425 φησὶν,
1046 2326 1119 2402 οὐδὲ
1128 2336 1214 2404 νόσον

163 2433 355 2532 παραλλάξαι
376 2442 430 2508 τὸν
453 2441 660 2525 Λούκουλλον,
678 2437 757 2506 ἀλλὰ
782 2441 949 2531 φαρμάκοις
972 2441 1031 2507 ὑπό
1053 2465 1137 2519 τινος
1155 2450 1213 2508 τῶν

162 2544 363 2634 ἀπελευθέρων
375 2545 594 2623 Καλλισθένους
605 2537 819 2638 διαφθαρέντα·
835 2552 877 2611 τὰ
891 2536 926 2611 δὲ
935 2545 1081 2637 φάρμακα
1091 2537 1217 2620 θσθῆναι

161 2650 234 2740 pir,
252 2656 291 2726 ὡς
305 2651 453 2743 ἀγαπῷτο
471 2655 588 2742 ρσῒλλσν
610 2656 626 2716 ὀ
645 2650 849 2728 Καλλισθένης
866 2653 917 2718 ὑπ’
937 2655 1051 2737 αὐτοῦ,
1069 2655 1214 2726 τοιαύτην

160 2757 237 2844 ἔχειν
254 2746 405 2821 θοκσῦντα
418 2759 474 2829 τὴν
489 2747 628 2845 δύναμιν·
652 2759 780 2833 ἐαςῆσαι
794 2747 829 2823 δὲ
842 2757 894 2823 καὶ
911 2759 1082 2823 καταλῦσαι
1094 2760 1148 2826 τὸν
1160 2765 1214 2825 λα·

159 2863 287 2954 pispir,
307 2863 380 2926 ὥστ’
399 2862 445 2927 ἔτι
460 2855 572 2940 ζῶντος
584 2865 679 2928 αὐτοῦ
693 2865 748 2935 τήν
757 2860 858 2928 οὐσίαν
869 2852 989 2928 drusun
1006 2864 1060 2928 τὸν
1069 2855 1212 2955 ἀδελφόν.

219 2995 235 3029 ι
251 2964 423 3036 Cornelius
437 2968 552 3060 Nepos
561 2968 608 3035 ait
619 3020 629 3053 ‚
641 2992 709 3035 non
724 2969 825 3053 senio,
836 2991 942 3060 neque
952 2966 1213 3038 morlioalienata

163 3211 284 3279 Africa,
308 3231 366 3283 quae
393 3214 534 3284 puniceum
561 3231 669 3266 succum
712 3213 759 3266 Est
777 3214 856 3266 etiam
872 3233 944 3285 onyx
964 3215 1105 3268 marmoris
1124 3233 1214 3288 genas,

162 3290 668 3357 emittebatNideeumdemSalmasium,
712 3293 741 3345 iu
752 3294 886 3345 montibus
894 3293 996 3346 Arabia
1009 3295 1146 3366 precipue
1158 3312 1214 3347 nas·

163 3372 222 3423 loco
229 3372 315 3424 citato.
322 3370 397 3424 Adde
406 3373 497 3424 Octav.
503 3372 667 3436 Ferrarium,
710 3391 785 3434 cens,
795 3385 883 3443 postea
892 3373 970 3427 etiarn
982 3372 1009 3425 iu
1022 3373 1166 3427 Germania
1175 3374 1212 3426 in·

163 3449 197 3505 de
211 3452 249 3503 Re
262 3451 397 3515 vestiaria,
408 3452 556 3523 praecipue,
569 3451 611 3516 11,
624 3470 650 3520 7.
709 3454 927 3504 ventumhuotor
936 3450 1006 3504 idem
1014 3452 1215 3519 Ptinxxxvt,

204 3531 559 3602 4.D1'baplia.Purpura‚quae
567 3530 667 3583 bistin·
711 3531 1211 3601 7et8.Exhocmarmorefiebantolin

163 3610 281 3680 gebatur.
291 3610 489 3680 Magistratuum
498 3607 667 3676 vestis3unde
709 3610 1214 3681 pretiosissimapavimenta;undeldar·

164 3690 220 3742 Cic.
234 3688 267 3742 ad
278 3690 355 3743 Attio.
367 3691 410 3754 ll,
421 3710 436 3759 9
448 3709 455 3743 :
469 3717 480 3737 ι
490 3691 589 3742 Vatinii
602 3702 669 3742 stru·
711 3690 791 3753 tialis,
805 3690 874 3755 ΧΠ,
893 3691 928 3742 50
941 3709 948 3743 :

164 3786 233 3820 mam
247 3768 384 3823 sacerdotii
400 3765 497 3839 ὃῑςάφῳ
513 3770 633 3822 vestiant,
652 3794 664 3816 ,
710 3771 837 3825 enlm-aqu·
847 3782 881 3840 ινιρ
892 3773 928 3812 sub
937 3774 987 3826 pede
996 3772 1048 3813 latet
1063 3788 1124 3829 onyx.
1142 3773 1212 3815 cour.

206 3849 231 3900 5.
245 3849 478 3914 Triclmiariasacit.
488 3846 520 3900 ld
531 3861 583 3913 est,
592 3865 667 3901 aceu-
752 3866 777 3917 7.
789 3847 899 3900 Sudines.
909 3848 993 3900 Vetus
1004 3847 1128 3920 scriptor,
1137 3864 1212 3921 quern

163 3926 369 3999 hitalia,quibus
377 3928 437 3981 lecti
444 3927 667 3980 tricliniaresster·
711 3927 806 4000 passim
822 3939 950 3980 memorat
961 3927 1071 3980 Plinius.
1085 3927 1141 3981 Pro
1148 3928 1211 3982 Ger·

163 4018 272 4058 nuntur.
633 4022 640 4034 ⁸
711 4007 798 4059 mania
812 4007 856 4059 alii
874 4005 1004 4058 carmin
1016 4007 1115 4077 legunt.

205 4089 231 4139 6.
254 4084 383 4157 Onrclrem.
410 4086 511 4138 Notum
526 4098 564 4138 est
581 4086 667 4138 omni·
750 4087 814 4139 Cir.
829 4086 877 4138 1x.
893 4108 914 4137 ι.
930 4088 1018 4146 Νέπως
1030 4081 1061 4138 δὲ
1073 4087 1211 4157 Κορννλιος,

163 4165 213 4218 bus
231 4165 362 4234 onychem
383 4183 438 4217 esse
458 4183 566 4234 gemmae
580 4166 668 4233 eujus·
711 4178 759 4218 ete
771 4164 1035 4226 llaodereconlerri
1055 4165 1211 4239 utiliterpo·

163 4243 224 4297 dam
234 4263 328 4314 genus,
341 4244 451 4297 humani
464 4245 558 4315 unguis
567 4243 664 4298 cando·
711 4256 761 4299 test
772 4245 927 4298 Plutarchus
948 4245 976 4297 in
995 4244 1102 4308 libello.
1117 4246 1161 4298 cui
1184 4245 1213 4297 ti·

162 4342 218 4376 rem
231 4325 376 4378 referentis.
403 4325 471 4377 Ptin.
484 4325 619 4389 XXXVI,
636 4325 662 4377 5.
712 4324 783 4377 tulus
797 4363 805 4390 ,
820 4325 849 4377 Ei
864 4322 1019 4394 πριαθντίριρ
1034 4327 1198 4378 παλισιιιτίιν.
