2706 4770
121 407 1182 434 fflmfflssmfflumm

161 651 606 790 EDITORIS
649 661 1142 790 PRAEFATIO.

393 992 920 1027 ---—-*———--

128 1231 275 1385 Quum
294 1278 365 1371 jam
390 1278 580 1372 saepissime,
607 1276 695 1372 apud
722 1302 837 1346 omnes
864 1274 1022 1346 litteratas
1049 1291 1182 1373 gentes,

126 1420 198 1503 riri,
219 1420 310 1486 omni
335 1417 559 1486 doctrinarum
583 1415 783 1512 supellectile
809 1418 1067 1505 instructissimi,
1094 1419 1182 1487 Cor·

126 1557 197 1626 nelii
221 1560 358 1654 Nepotis
385 1582 522 1626 aureum
547 1553 693 1625 libellum
717 1559 752 1624 in
774 1556 881 1627 lucem
903 1558 1091 1644 emiserint,
1116 1557 1181 1627 hac

127 1712 233 1767 nostra
263 1698 434 1792 scriptoris
466 1696 696 1792 elegantissimi
728 1723 814 1768 nova
843 1698 985 1768 editione
1014 1713 1181 1767 tantorum

128 1842 268 1908 virorum
290 1838 437 1907 laborem
458 1837 618 1926 emulari,
640 1836 745 1907 multo
766 1840 874 1908 minus
892 1837 1039 1927 elevare,
1058 1862 1181 1933 nequa-

128 2005 221 2074 quam
240 1980 344 2048 menti
363 1979 517 2048 occurrit
531 1980 605 2046 Imo
620 2002 697 2064 nos,
715 2002 787 2071 quae
809 1975 1002 2047 facultatum
1025 1993 1059 2049 et
1074 1977 1182 2047 erudi·

127 2122 219 2189 donis
230 2134 350 2191 nostrae
359 2118 530 2188 infirmitas
542 2133 607 2205 est,
621 2120 756 2187 minime
768 2118 900 2188 deceret
912 2119 1033 2188 horum
1047 2116 1182 2208 menda,

127 2265 149 2330 si
166 2263 243 2357 quid
264 2277 322 2332 aut
343 2259 543 2358 negligentes
562 2275 619 2331 aut
642 2261 717 2330 fessi
735 2262 962 2356 peccaverint,
984 2263 1182 2357 investigare

127 2418 157 2469 et
176 2402 343 2496 persequi,
368 2414 543 2495 postquam
565 2397 685 2468 laboris
707 2425 822 2469 eorum
845 2401 936 2493 quasi
964 2425 1100 2469 succum
1121 2398 1183 2469 eli·

126 2566 213 2627 cere,
236 2541 331 2609 nobis
352 2538 431 2608 utile
451 2538 630 2607 admodum
651 2538 922 2634 fructuosumque
941 2541 1048 2609 visum
1071 2541 1181 2610 fuerit.

127 2683 289 2770 Quoniam
308 2681 407 2775 igitur
427 2678 469 2748 de
488 2678 672 2748 clarissimis
692 2677 753 2748 illis
779 2679 976 2768 editoribus,
1001 2681 1183 2769 Lambino,

127 2826 234 2910 Bosio,
259 2822 479 2917 Heusingero,
504 2819 717 2916 pluribusque
741 2823 940 2916 nuperrimis
967 2822 1069 2891 fusius
1093 2822 1183 2917 loqui

126 2962 231 3056 pudor
254 2976 343 3030 vetat
362 2975 461 3055 atque
481 2961 552 3055 ipsa
566 2962 650 3056 grati
670 2962 771 3030 animi
790 2964 968 3044 memoria,
984 2960 1181 3055 peculiarem

126 3118 243 3172 nostrae
263 3103 361 3195 hujus
382 3100 532 3171 editionis
551 3101 693 3170 indolem
715 3103 920 3196 paucissimis
938 3103 1046 3173 verbis
1065 3128 1181 3200 expro-

126 3270 214 3316 mere
232 3246 309 3314 satis
327 3244 397 3312 erit.

177 3387 359 3479 Principio,
376 3398 414 3453 ut
425 3385 494 3479 ipsa
512 3386 652 3478 Nepotis
666 3385 766 3454 verba
783 3409 882 3479 quam
897 3388 1037 3455 maxime
1055 3388 1183 3484 integra

124 3538 344 3618 accurateque
366 3523 421 3592 hic
448 3523 697 3618 proferrentur,
721 3548 878 3618 magnum
902 3549 1010 3619 opcrae
1038 3527 1182 3619 pretium

126 3666 197 3734 mit.
219 3667 325 3760 Ergo,
347 3666 497 3757 quamvis
514 3665 630 3758 saepius
653 3663 903 3758 Bipontinorum
921 3663 1093 3734 lectionem
1111 3663 1182 3734 fue-

125 3809 227 3875 rimus
242 3805 344 3874 secuti
355 3831 364 3893 ;
375 3805 554 3873 innumeris
572 3819 682 3873 tamen
696 3806 730 3872 in
749 3803 843 3892 locis,
855 3806 911 3900 qui
925 3805 976 3874 vel
989 3804 1183 3874 subobscuri

123 3960 157 4013 et
173 3944 319 4040 perplexi
341 3926 551 4035 videbantur,
575 3943 626 4013 vel
645 3946 744 4014 nimia
765 3945 1032 4016 emendationum
1048 3943 1184 4014 audacia
