2706 4770
436 349 897 421 OBSERVATIONES.
1119 351 1192 425 333

127 478 233 533 Danioe
245 477 348 548 Forsog.
363 479 424 530 Vox
441 476 503 532 inde
517 477 719 551 adscripturum
730 480 810 533 relata
823 479 952 551 significat
964 480 1080 552 Concept,
1094 484 1194 537 Danice

129 558 243 619 liddam
262 558 291 609 in
304 558 384 611 rebus
394 556 509 630 denique
519 557 688 629 judicialibus
699 563 836 611 sementiam
851 561 938 613 verbis
951 574 1121 633 conceptam,
1135 581 1194 634 quae

127 638 237 711 prolegi
250 634 375 690 damnato
387 637 465 705 solet,
486 651 629 709 posteaque
648 639 744 691 tabulis
760 639 873 709 publicis
890 639 989 693 inferri.
1010 638 1119 712 Optime
1132 643 1193 695 illu·

127 729 230 771 stratur
236 717 362 770 translata
369 717 426 770 hsec
432 716 589 788 significatio
599 717 659 770 loco
666 717 800 770 Ciceronis
812 719 840 771 in
849 721 970 783 Verrem,
977 736 1022 784 111,
1032 739 1081 789 79:
1092 721 1193 775 Eorum

127 796 273 851 bominum
285 791 467 860 (emibmum)
481 795 545 850 fidei
558 797 653 850 tabula
668 797 795 868 publice,
811 799 972 869 periculaque
994 800 1193 870 magistratuum

127 876 344 930 committuntur.

170 956 268 1010 Caton.
285 954 327 1019 11,
347 953 363 1006 3
379 971 386 1006 :
411 957 455 1007 «A
469 954 560 1007 multis
576 966 693 1017 tentatus,
715 974 771 1008 non
784 954 864 1008 modo
882 957 985 1008 nullum
1005 954 1195 1011 detrimentum

132 1033 356 1089 aenistimationis
364 1032 441 1099 lecit,
453 1031 513 1100 sed,
526 1033 613 1104 quoad
627 1034 706 1098 vixit,
715 1035 843 1087 virtutum
856 1034 934 1088 laude
946 1036 1037 1088 crevit.
1049 1063 1060 1083 .
1080 1038 1195 1090 Tentntus

128 1114 177 1168 hic
191 1112 264 1167 idem
276 1112 436 1184 significare,
447 1131 477 1165 ac
488 1117 514 1165 in
521 1113 639 1183 judicius
650 1125 763 1174 wmtus,
776 1133 817 1167 res
829 1115 886 1186 ipsa
901 1113 987 1168 docet
998 1113 1051 1167 Sed
1064 1116 1149 1169 rarior
1157 1131 1196 1170 est

130 1212 210 1257 usus,
229 1205 256 1246 et
270 1211 333 1246 eum
345 1210 421 1245 neca
436 1191 555 1245 Gesneru
569 1191 726 1264 explicatum
743 1191 830 1245 video.

169 1271 369 1337 usnemu,
385 1289 421 1324 s:
442 1270 485 1324 Sic
497 1271 656 1324 familiarum
671 1271 801 1342 originem
820 1271 947 1326 subtexuit.
968 1272 1111 1327 subtexere
1122 1287 1196 1326 notat

130 1352 261 1413 amhn,
282 1351 324 1404 vel
343 1348 417 1422 quod
435 1351 515 1403 etiam
533 1370 549 1402 a
561 1350 700 1404 Germanis
715 1348 748 1403 ad
761 1352 898 1404 materiem
922 1352 950 1403 in
971 1352 1045 1405 libris
1058 1364 1196 1407 tractatam

129 1432 300 1496 mestar,
313 1430 381 1481 diesis
393 1430 523 1482 semeben.
538 1430 581 1483 Sic
591 1430 700 1483 Livius:
713 1429 835 1484 Subtexit
848 1428 944 1483 deinde
956 1431 1051 1484 lahulss
1059 1432 1134 1494 huic,
1146 1445 1196 1486 etc.

129 1510 227 1565 lnnnit
238 1509 391 1572 Cornelius,
409 1509 529 1562 Atticum
541 1509 627 1574 libro,
648 1528 702 1580 qno
723 1510 888 1580 magistratus
904 1511 1028 1576 ornabat,
1044 1529 1086 1564 res
1102 1530 1196 1582 genea-

129 1590 229 1664 logicae
248 1588 312 1643 saite
327 1586 501 1641 admiscuisse.
528 1588 589 1641 Non
607 1590 692 1641 solum
711 1588 779 1640 banc
798 1589 1016 1660 significationem
1033 1609 1088 1643 non
1102 1589 1200 1644 enoda·

129 1682 186 1724 tam
203 1666 286 1723 rideo
298 1686 313 1720 a
326 1667 597 1730 commentatoribus,
618 1666 664 1720 sed
680 1667 758 1721 etiam
774 1668 802 1720 in
816 1667 904 1722 iudice
926 1669 1062 1722 latinitatis
1084 1671 1198 1725 Bosiasm

130 1748 198 1803 ialso
220 1747 384 1820 explicatam.

173 1828 256 1882 stuc
271 1827 326 1890 IX,
345 1844 371 1891 t,
382 1825 430 1878 cfr.
444 1825 564 1892 XVI,3,
575 1825 659 1877 utitur
677 1839 769 1880 auctor
787 1845 852 1880 voce
873 1826 1037 1889 divinationis,
1055 1845 1087 1880 eo
1106 1846 1196 1894 sensu,
1234 1843 1240 1853 ·

131 1926 187 1981 quo
203 1908 285 1978 longe
298 1905 370 1958 abest
384 1922 398 1957 a
411 1902 575 1957 divinatione
589 1905 633 1956 illa
649 1905 844 1977 superstitiosa,
858 1924 937 1977 quam
950 1907 1072 1959 amabant
1082 1920 1199 1973 veteres,

130 2001 158 2041 et
176 2004 261 2059 quam
274 1985 368 2056 religio
379 1983 528 2037 Christiana
548 1984 592 2035 vix
606 1982 713 2037 tandem
733 1983 865 2037 eradicare
880 1986 976 2056 potuit.
997 1985 1094 2038 Mutuo
1113 2006 1141 2038 se
1156 2006 1199 2040 ex-

130 2067 234 2139 plicent
247 2065 276 2117 hi
289 2062 345 2117 dno
358 2064 425 2129 loci,
440 2076 466 2115 et
474 2075 621 2115 monstrant
637 2076 770 2116 auctorem
778 2101 786 2129 ,
795 2082 873 2134 supra
880 2064 998 2116 seculum
1008 2082 1084 2117 suum
1094 2065 1199 2136 sapien·

131 2159 205 2210 mm,
224 2161 321 2217 parum
344 2142 466 2196 tribuisse
485 2141 677 2221 superstitioni,
706 2143 820 2195 multum
839 2160 902 2195 vero
922 2141 1071 2215 prudentiss
1089 2158 1115 2197 et
1134 2163 1198 2198 cou-

132 2225 252 2289 stantius,
274 2235 302 2276 et
319 2220 478 2285 credidisse,
498 2222 526 2273 in
546 2220 588 2272 his
606 2221 750 2274 virtutibus
771 2221 918 2292 conjunctis
936 2241 1025 2274 veram
1045 2224 1123 2276 sitam
1144 2244 1200 2279 esse

133 2300 276 2361 divinandi
292 2315 386 2361 artem,
401 2299 430 2355 id
449 2313 504 2365 est,
520 2299 700 2372 prospiciendi
715 2301 765 2354 sibi
786 2301 813 2353 in
824 2301 904 2354 rebus
915 2300 1039 2356 adversis.

375 2456 435 2522 IV.
464 2451 724 2525 Observationes
746 2458 963 2547 antiquariis.

191 2610 358 2684 Stharem
370 2621 396 2662 et
410 2605 592 2661 admirandum
611 2608 649 2660 rei
668 2608 821 2678 antiquaria
837 2624 945 2678 operam
960 2608 1082 2678 prestitit
1096 2608 1137 2660 vir
1151 2598 1201 2680 opss

131 2695 220 2749 tinus
233 2691 361 2761 Philippus
376 2688 469 2741 Daniel
484 2688 596 2757 Lippert,
620 2687 753 2756 professor
771 2683 934 2738 Dresdensis.
952 2685 979 2737 Is
997 2687 1068 2738 euim
1091 2687 1202 2758 picturae

131 2787 161 2828 et
173 2770 356 2843 reliquarum,
386 2784 444 2839 quse
459 2784 521 2835 cum
540 2783 570 2817 ea
584 2766 731 2835 conjunctae
751 2776 827 2829 sunt,
857 2764 954 2816 artium
975 2765 1009 2815 ab
1028 2763 1203 2821 adolescentia

132 2853 240 2917 cultor,
252 2861 326 2903 tento
342 2849 463 2900 incanam
484 2857 523 2898 est
538 2844 652 2914 antiquae
670 2844 805 2914 elegantias
820 2841 924 2909 studio,
941 2855 970 2896 ut
984 2862 1062 2896 senex
1077 2843 1202 2900 didicerit

130 2932 240 2987 litteras
254 2928 371 2989 Gratas,
384 2938 586 2997 et-gemmarum
604 2922 703 2993 efligies
720 2941 816 2994 magno
829 2941 941 2975 numero
954 2921 1083 2988 delectas,
1102 2926 1204 2997 optime

130 3008 287 3073 ordinatas,
303 3020 328 3061 et
339 3005 464 3077 singulari
478 3002 648 3068 dexteritate,
660 3021 706 3055 sua
719 3020 880 3072 suorumque
897 3020 976 3055 manu
989 3020 1135 3074 expressas,
1147 3024 1203 3059 non

131 3090 225 3147 ulum
237 3086 432 3141 communicare
446 3102 507 3136 cum
518 3083 616 3135 artium
632 3079 773 3146 studiosis,
784 3079 915 3134 sedetiam
927 3082 1057 3134 concinne
1065 3095 1092 3135 et
1100 3082 1203 3139 erudite

132 3167 271 3243 aplicare
277 3164 403 3238 potuerit.
418 3164 504 3215 Nemo
515 3162 607 3236 estqui
616 3162 713 3229 nescit,
721 3173 818 3232 quanta
826 3161 1029 3231 sitgemmarum
1038 3165 1203 3233 prestantia,

131 3259 340 3324 qun,veterum
351 3255 406 3297 arte
414 3242 522 3305 celata,
529 3243 557 3293 in
569 3241 721 3312 principum
732 3241 898 3311 aliorumque
908 3259 1073 3294 summorum
1082 3242 1202 3298 virorum

132 3328 238 3384 ιιιιικίι
251 3335 425 3379 waninc.
441 3321 528 3374 Habet
539 3320 869 3373 etiam‘Excellentissimus
881 3337 969 3373 comes
983 3318 1017 3372 de
1034 3321 1142 3387 Tuos-r,
1156 3326 1204 3395 qui

132 3421 176 3465 sot
189 3418 329 3477 unusque
341 3422 383 3458 res
395 3420 441 3455 sua
451 3399 571 3453 doctrina
580 3412 607 3452 et
619 3418 729 3471 eo,quo
741 3397 850 3470 flagrat,
863 3400 960 3452 artium
972 3418 1061 3453 amore
1071 3404 1203 3474 complec-

131 3490 221 3552 titur,
235 3502 352 3557 gemmas
369 3481 489 3552 antiquas
502 3477 574 3531 haud
589 3498 700 3551 paucas,
713 3497 778 3551 quus
795 3477 882 3531 adhuc
899 3496 948 3532 nec
967 3480 1012 3532 aeri
1032 3479 1139 3548 incisas,
1154 3503 1204 3539 nec

131 3568 188 3622 alin
204 3565 249 3618 via
264 3562 470 3617 communicatas
487 3578 550 3619 cum
565 3556 676 3611 eruditis
695 3555 784 3611 credo.
811 3556 899 3629 Opera
915 3558 959 3611 ille
977 3558 1206 3630 splendidissima,

131 3648 240 3722 quibus
255 3661 365 3715 gemma
379 3640 424 3694 seri
438 3638 527 3692 incisae
546 3637 720 3702 exhibentur,
739 3656 862 3709 superare
878 3637 945 3689 mibi
960 3636 1066 3691 videtur
1077 3640 1205 3713 Dactylio-

132 3729 208 3780 etm
225 3725 394 3794 lippertiana,
416 3737 475 3791 qun
495 3720 549 3789 jam
572 3729 687 3789 quatuor
710 3717 830 3770 maximae
853 3718 944 3769 forme
965 3718 1100 3772 volumina
1115 3723 1203 3774 refert.

131 3805 204 3879 Ejus
217 3803 290 3856 enim
310 3800 409 3872 effigies
429 3797 569 3860 eumdem,
589 3814 669 3867 quem
689 3796 739 3868 ipni
760 3797 914 3868 archetypi,
940 3810 1062 3868 praestant
1081 3818 1158 3851 usum
1176 3799 1204 3851 in

127 3882 306 3960 mythologie
323 3892 351 3932 et
360 3879 469 3932 historia
487 3874 658 3942 illustranda
673 3875 743 3941 imo,
759 3895 841 3948 quum
857 3888 971 3949 quatuor
984 3878 1096 3930 millium
1111 3896 1204 3930 nume·

131 3981 199 4023 rum
219 3971 347 4033 superent
361 3971 388 4014 et
400 3970 464 4013 scite
483 3955 620 4027 dispositae
636 3969 707 4022 smt,
724 3959 867 4026 majorem,
890 3974 970 4027 quam
988 3957 1021 4009 ab
1038 3956 1091 4008 ullo
1108 3957 1135 4009 in
1151 3956 1205 4010 Eu·
