2706 4770
480 365 815 434 FRAGMENTA.
1103 366 1171 438 301

146 499 234 555 mente
264 480 363 556 luisse
390 485 586 570 Lucullum,
613 487 670 555 sed
696 511 716 554 a
743 486 885 580 quodam
912 485 1029 556 liberto
1062 488 1175 558 Callis·

149 587 224 660 thene
246 593 380 661 venenis
402 607 614 686 corruptum,
635 592 748 661 datum
770 607 880 661 autern
903 618 973 662 esse
990 618 1176 680 venenum,

148 705 176 759 ul
196 696 402 767 Callisthenes
427 699 605 793 impensius
627 699 670 767 ab
691 724 731 766 eo
752 698 956 793 diligeretur,
978 699 1067 792 quod
1091 700 1175 792 ejus·

143 801 216 871 uadi
231 805 264 871 ri
286 800 410 899 pollere
431 803 464 871 id
478 819 629 898 putaret;
651 806 696 872 ita
712 829 792 872 vero
814 804 969 873 alienasse
987 819 1021 873 et
1042 804 1175 874 solvisse

138 923 268 979 mertem
288 909 376 1002 ejus,
394 923 432 977 ut
453 908 562 978 adhuc
583 911 722 978 viventis
743 909 913 978 facultates
934 910 1035 978 frater
1055 935 1176 1004 procu·

133 1029 221 1085 met
244 1045 262 1081 υ
286 1015 461 1084 Plutarch.
484 1020 519 1082 in
535 1016 663 1085 Lrecull.
682 1039 758 1111 cap.
783 1013 842 1100 43.

180 1123 285 1199 Νέπως
303 1126 320 1187 ό
339 1123 506 1214 Κορνήλιος
522 1122 630 1211 φησὶν,
644 1125 677 1188 οῦ
696 1121 855 1215 Κράσσου,
871 1123 1007 1214 Βρούτου
1022 1114 1056 1187 δέ
1070 1122 1175 1214 θριαμ-

127 1221 287 1304 βεύσαντος
305 1227 368 1294 άπὸ
386 1231 581 1293 Λουσιτανῶν
600 1227 750 1320 θυγατέρα
766 1238 862 1320 γῆμαι
880 1223 980 1293 Γαΐον.

179 1328 351 1402 Cornelius
371 1332 505 1425 Nepos,
522 1356 590 1402 non
613 1334 738 1418 Crassi,
756 1332 814 1401 sed
831 1334 924 1400 Bruti
945 1332 1031 1424 ejus,
1054 1333 1109 1424 qui
1135 1331 1176 1400 de

127 1429 287 1509 Lusitanis
300 1437 531 1530 triumphavit,
548 1435 647 1505 filiam
662 1452 804 1532 nuptum
822 1439 904 1507 Caio
917 1429 1110 1525 (Graccho)
1124 1437 1176 1504 da·

127 1547 211 1632 lam,
229 1545 284 1611 ait
299 1543 474 1612 Plutarch.
494 1548 530 1612 ἱα
552 1544 695 1612 Gracclu
713 1568 741 1611 c.
766 1568 824 1612 οι.

135 1661 156 1675 ‘
176 1637 295 1735 Ᾰννίβᾳ
320 1640 355 1715 δέ
378 1655 439 1716 τῶν
460 1649 513 1740 μέν
533 1645 633 1715 άλλων
659 1649 820 1741 ἐλάχιστος
837 1646 872 1722 ἦν
897 1650 1009 1740 λόγος,
1032 1647 1176 1739 Μάρκελ-

131 1753 176 1818 λον
190 1745 225 1821 δὲ
239 1757 432 1824 πεπτωκέναι
444 1754 627 1846 πυθόμενος,
649 1760 739 1833 αὐτὸς
758 1747 918 1848 ἐξέδραμεν
933 1753 982 1822 ἐπὶ
997 1756 1048 1821 τὸν
1070 1755 1174 1820 τόπον·

136 1858 176 1926 ut
192 1867 237 1945 τῷ
253 1871 347 1953 νεαρῷ
362 1866 522 1952 παραςὰς,
544 1861 595 1926 καὶ
616 1865 710 1927 πολὺν
732 1863 837 1953 χρόνον
862 1864 918 1934 τῆν
939 1885 973 1928 τε
997 1863 1097 1952 ῥώμην
1121 1871 1175 1927 τοῦ

134 1967 264 2058 σόματος
282 1964 468 2056 καταμαθὼν
486 1965 537 2032 καὶ
556 1967 593 2032 τὸ
612 1956 709 2051 εἶδος,
727 1968 797 2033 οὔτε
814 1969 912 2056 ρωνήν
933 1967 1044 2054 άρῆιιεν
1065 1969 1177 2057 ὑπερῆ-

135 2092 238 2160 ρτνον,
256 2073 328 2139 οὕτε
342 2071 397 2138 ἀπ’
415 2069 510 2159 ὄψεως
526 2075 563 2138 τὸ
580 2075 700 2162 χαῖρον,
718 2076 757 2147 ὡς
778 2069 814 2136 οἷν
833 2097 878 2148 τις
897 2060 1013 2162 ἐργώδη
1033 2071 1176 2160 πολέμιον

130 2179 175 2245 καὶ
197 2179 291 2269 βαρὺν
316 2175 510 2263 ἀπεκτονὼς,
531 2170 677 2265 ἐξέφηνεν·
703 2176 770 2242 αλλ’
794 2174 998 2267 ἐπιθαυμάσας
1018 2177 1055 2242 τὸ
1075 2176 1177 2265 παροί-

127 2288 212 2378 λογον
230 2293 286 2361 τῆς
307 2289 467 2371 τελευτῆς,
480 2284 533 2349 τὸν
553 2283 605 2375 μὲν
622 2273 785 2349 δακτύλιον
804 2281 962 2372 άρειλετο,
975 2283 1012 2348 τὸ
1036 2273 1071 2347 δέ
1088 2291 1176 2372 σῶμα

127 2392 281 2481 ιοσμιίσας
304 2390 451 2481 πρέποντι
481 2389 605 2481 κόσμῳ,
625 2389 676 2455 καὶ
702 2388 872 2479 περιςείλας
900 2385 1026 2478 ἐντίμως
1055 2388 1176 2476 ἐααυσε,

127 2495 174 2564 aas
199 2492 243 2562 τὰ
270 2491 401 2584 λείψανα
432 2495 542 2573 συνθεὶς
570 2494 609 2572 εἰς
643 2495 760 2562 κάλπιον
789 2495 942 2588 ἀργυρᾶν,
969 2492 1018 2559 καὶ
1050 2503 1176 2584 χρυσοῦν

127 2603 267 2693 ίμβαλέυν
285 2602 433 2683 ςόφανον,
456 2601 598 2677 οἱπέςειλε
617 2603 692 2692 πρός
713 2601 766 2667 τὸν
783 2599 855 2665 υἱόν.
875 2601 943 2662 Τῶν
964 2588 999 2662 δὲ
1021 2589 1176 2688 Νομάδων
1266 2641 1268 2646 ,

127 2707 201 2784 τινές
228 2708 442 2800 περιτυχόντες
470 2713 533 2782 τοῖς
556 2699 740 2793 κομίζουσιν,
767 2709 909 2796 ὥρμησαν
930 2701 1118 2793 ἀφαιρεῖσθαι
1140 2703 1177 2769 τὸ

127 2822 243 2905 τεῦχος.
261 2812 587 2904 Ἀντιλαμβανομένων
602 2802 632 2878 δ’
647 2808 780 2895 ἐκείνων,
794 2793 1003 2898 ἐκβιαζόμενοι
1020 2807 1072 2873 καὶ
1085 2806 1179 2899 μαχό-

127 2944 208 2987 μενοι
230 2908 385 3011 διέρριψαν
406 2916 548 2985 τὰόστᾶ.
669 2956 671 2961 ,

174 3023 351 3116 Πυθόμενος
377 3015 413 3090 δὲ
439 3023 596 3110 Ἀννίβας,
620 3023 672 3091 καὶ
696 3027 772 3118 πρὸς
797 3025 867 3100 τοὺς
893 3022 1046 3115 παρόντας
1063 3019 1178 3105 εἰπὼν,

127 3120 224 3198 tulta
247 3125 307 3210 ἄρα
327 3121 459 3196 δυνατὸν
476 3129 612 3224 γενέσθαι
630 3127 757 3209 ἄκοντος
780 3129 862 3215 θεοῦ,
883 3136 947 3206 τοῖς
966 3127 1019 3219 μέν
1039 3125 1177 3216 Νομάσιν

127 3234 249 3309 ίπέθηιιε
267 3226 375 3323 δίκην,
397 3239 452 3302 οὐκ
471 3228 568 3304 ἔτιδὲ
588 3227 716 3329 κομιδῆς
738 3235 757 3311 ἢ
779 3222 926 3329 συλλογῆς
945 3244 1006 3299 τῶν
1028 3228 1178 3320 λειψάνων

127 3343 314 3434 ῖρρόντισεν,
332 3348 372 3419 ὡς
391 3333 430 3414 δὴ
453 3341 534 3409 κατὰ
553 3342 617 3409 θεόν
643 3352 713 3410 τινα
729 3342 781 3409 οιαὶ
806 3351 861 3420 τῆς
879 3346 1022 3415 τελευτῆς
1048 3335 1099 3403 καὶ
1123 3347 1179 3415 τῆς

127 3448 256 3538 ίταρίας
281 3447 461 3541 παραλόγως
493 3451 574 3515 οὕτω
603 3457 647 3534 τῷ
674 3449 846 3541 Μαρκέλλῳ
874 3446 1044 3540 γενομένης.
1072 3446 1180 3509 Ταῦτα

127 3554 176 3621 tlt
202 3549 255 3619 οὖν
278 3553 306 3619 οἱ
327 3552 394 3644 περὶ
416 3556 584 3638 Κορνήλιον
601 3557 739 3621 Νέπωτα
755 3551 807 3622 καὶ
827 3547 1016 3643 Οὐαλέριον’
1038 3543 1179 3641 Μάξιμον

127 3662 294 3751 ςσριίιιασι.
321 3658 428 3742 Λίβιος
453 3650 487 3724 δὲ
508 3660 560 3724 καὶ
580 3662 699 3751 Καῖσαρ
724 3666 740 3727 ό
766 3660 898 3743 σιβαςὸς
923 3655 1101 3748 κομισθῆναι
1123 3657 1178 3727 τῆν

127 3756 229 3858 ’νδρίαν
244 3765 320 3855 πρὸς
334 3765 387 3831 τὸν
402 3764 463 3831 υἱὸν
482 3764 635 3856 εἰρήκασι,
651 3766 702 3832 καὶ
715 3776 848 3857 ταφῆναι
860 3771 1019 3856 λαμπρῶς.

160 3965 185 3998 ¹·
199 3945 331 4014 ⁰¹5⁰·l‘tttt
342 3944 464 4015 Miluus.
474 3944 515 3998 Ad
527 3946 635 3998 ealorte
679 3946 825 4013 Maximus,
844 3947 890 3999 lib.
909 3947 951 4008 V,
966 3961 1023 4012 cap.
1042 3959 1069 4003 1,
1086 3948 1139 3989 ext.
1150 3941 1181 4002 6,

127 4023 242 4096 respexit
255 4023 497 4097 Plutarchus,quu
514 4026 636 4079 Valerius
680 4024 713 4080 de
729 4027 822 4081 lunare
835 4025 919 4079 Marci
932 4019 1052 4076 lumeni
1063 4017 1160 4072 retulit.
