2768 5198
518 334 581 403 ET
610 333 842 402 JUDICIA.
1114 359 1213 409 xnvrr

162 468 348 539 movebatur
364 467 413 552 is,
432 490 531 559 quem
551 465 652 535 modo
673 465 947 551 commemoravi,
975 465 1215 559 Robortellus;

162 577 270 669 siquis
289 599 345 643 eos
362 586 487 641 attente
509 571 611 666 leget,
628 569 802 665 intelliget,
821 595 888 638 non
906 585 1091 657 auctorem,
1113 589 1160 659 et,
1178 591 1216 644 ut

162 684 202 749 ita
217 681 337 766 dicam,
352 692 524 773 parentem
540 677 614 746 libri
630 676 822 770 significari,
837 675 894 745 sed
909 679 1103 771 scriptorem
1117 678 1214 749 libra·

163 789 257 873 rium,
270 785 304 854 id
322 799 389 870 est,
407 808 500 873 eum,
519 786 575 878 qui
592 808 693 851 manu
714 782 939 876 descripserit,
960 808 1146 879 quanquam
1162 787 1215 855 di·

166 907 241 960 serte
258 891 338 959 dicit
356 914 426 958 esse
444 889 645 985 descriptum
669 914 688 956 a
707 889 830 973 tribus,
854 912 935 976 avo,
957 905 1062 958 matre
1082 905 1117 959 et
1136 890 1214 961 filio.

167 997 221 1066 sed
241 1010 374 1092 praestat
389 1020 504 1064 versus
519 995 721 1080 adscribere,
735 1008 772 1061 ut
789 992 893 1062 lector
907 994 1053 1064 eruditus
1071 1010 1104 1064 et
1125 998 1214 1092 inge-

168 1105 266 1172 niosus
289 1103 449 1171 continuo
472 1126 531 1195 per
557 1126 592 1170 se
613 1099 795 1194 intelligat,
814 1098 903 1168 unde
924 1114 1000 1169 nata
1024 1103 1065 1169 sit
1082 1102 1215 1197 vulgata

170 1210 285 1302 opinio,
295 1206 463 1276 AEmilium
476 1208 620 1276 Probum
635 1231 706 1274 esse
720 1205 817 1297 hujus
833 1204 907 1272 libri
919 1219 1101 1275 auctorem:
1116 1212 1154 1275 V
1149 1210 1217 1279 ade

172 1314 253 1400 liber,
272 1328 334 1383 etc.
349 1304 396 1407 (p
412 1305 484 1401 xx).
500 1313 584 1401 Quis
602 1337 670 1380 non
687 1309 794 1396 videt,
812 1310 874 1378 hos
891 1333 1005 1378 versus
1025 1336 1093 1379 non
1110 1312 1215 1384 solum

174 1420 538 1515 inelegantessineptos,
560 1432 593 1486 et
607 1415 691 1485 male
712 1431 826 1502 natos,
847 1439 964 1483 verum
986 1418 1084 1484 etlam
1100 1419 1142 1485 ab
1160 1419 1216 1488 ali·

177 1550 231 1618 quo
245 1523 407 1594 nebulone
430 1523 564 1593 indocto
589 1537 623 1590 et
646 1522 809 1603 barbaro,
833 1535 909 1607 aut,
927 1546 969 1589 ne
987 1521 1065 1615 quid
1086 1526 1218 1617 gravius

177 1629 289 1715 dmm,
309 1655 329 1698 a
350 1630 511 1723 scriptore
533 1627 668 1697 librario
692 1630 747 1696 vix
766 1627 968 1725 semidocto,
991 1653 1061 1697 esse
1087 1629 1219 1700 factos?

180 1761 303 1828 quorum
324 1738 351 1805 si
371 1732 471 1803 velim
493 1732 620 1827 singula
642 1733 744 1802 verba
758 1734 853 1826 justis
874 1733 1075 1828 ponderibus
1095 1739 1218 1806 exami-

183 1863 251 1908 nare
263 1857 294 1911 et
301 1839 453 1935 syllabas,
469 1839 632 1934 pedesque
647 1839 804 1925 dimetiri,
818 1854 852 1907 et
869 1841 1062 1908 sententiam
1079 1867 1218 1937 perpen-

185 1943 264 2033 dere,
276 1962 306 2016 et
320 1948 399 2016 vitia
413 1947 526 2014 omnia
541 1944 658 2039 digito,
674 1960 731 2013 aut
745 1947 843 2014 etiam
861 1960 944 2012 nutu
961 1945 1105 2014 indicare
1119 1974 1129 2033 ;
1143 1974 1218 2041 pro·

184 2049 247 2120 bem
262 2053 469 2148 quantumvis
488 2065 546 2121 aut
563 2052 748 2145 pervicaci,
765 2065 823 2118 aut
842 2050 971 2136 hebeti,
992 2051 1108 2146 dignos
1129 2078 1219 2140 esse,

182 2159 228 2250 qui
247 2159 409 2229 levissimo
433 2156 529 2226 alicui
556 2172 592 2226 et
614 2154 768 2226 vilissimo
793 2155 1040 2251 ludimagistro,
1064 2182 1221 2230 versuum

179 2266 414 2335 scribendorum
439 2265 609 2359 prurigine
637 2279 793 2358 perusto,
818 2278 851 2332 et
879 2264 1028 2332 versibus
1059 2265 1220 2337 inscitiam

178 2384 261 2465 atque
273 2373 479 2442 inscientiam
492 2395 586 2439 suam
599 2369 752 2439 omnibus
765 2367 956 2457 declaranti,
966 2369 1047 2440 nibil
1063 2388 1222 2466 praeterea

176 2481 364 2574 assequenti,
377 2502 435 2547 seu
449 2478 560 2572 potius
574 2501 680 2570 coquo
696 2475 830 2571 fuligine
847 2490 1020 2571 cooperto,
1033 2492 1067 2545 et
1080 2480 1223 2548 immun·

175 2582 242 2653 ditie
259 2584 477 2677 sordibusque-
498 2585 626 2677 popinae
648 2581 815 2677 squalido,
836 2583 1031 2651 tribuantur.
1055 2587 1223 2655 Hactenus

175 2691 265 2783 igitur
288 2691 331 2760 de
356 2704 528 2784 tempore,
549 2703 582 2757 et
602 2703 695 2757 aetate
713 2689 817 2757 nostri
838 2690 1007 2782 scriptoris
1028 2690 1071 2758 sit
1091 2690 1224 2760 anobis

175 2794 380 2891 disputatum.
389 2796 489 2864 Nunc
502 2794 543 2863 de
558 2797 704 2881 nomine,
713 2820 770 2864 seu
784 2795 969 2864 nominibus
983 2795 1162 2866 videamus.
1175 2799 1224 2866 Ac

174 2904 312 2995 primum
331 2901 375 2970 ab
399 2901 541 2971 AEmt'lto
566 2902 692 2970 initium
721 2923 897 2970 sumamus.
926 2903 1086 2970 AEmt'ltio
1107 2904 1225 2996 igitur,

175 3032 250 3093 seu,
268 3023 306 3076 ut
322 3007 379 3076 alii
398 3008 563 3095 scribunt,
585 3008 744 3077 Aetnilius
750 3060 761 3092 ,
777 3031 899 3075 nomen
915 3020 964 3074 est
976 3004 1115 3100 gentile,
1128 3006 1226 3101 idque

177 3117 419 3206 perantiquum,
440 3128 474 3182 et
493 3112 588 3181 valde
608 3112 739 3199 nobile,
757 3127 872 3181 uotum
892 3111 1032 3204 denique
1053 3114 1226 3205 omnibus,

177 3218 233 3311 qui
254 3216 347 3289 libros
365 3221 502 3288 Latinos
522 3217 575 3287 vel
595 3221 729 3287 summis
749 3219 859 3313 digitis
878 3219 1064 3311 attigerunt.
1081 3222 1228 3290 Fuerunt

178 3325 262 3392 enim
290 3327 422 3396 AEmilit'
439 3323 623 3412 Barbuloe,
650 3325 785 3396 AEmtlri'
802 3327 913 3418 Papi,
941 3326 1076 3394 AEuu‘lit'
1093 3329 1225 3416 Pauli,

180 3433 308 3500 AEmab't'
325 3432 456 3527 Lepidi.⁴
482 3430 616 3501 Probus
646 3445 756 3499 autem
777 3455 960 3526 cognomen
992 3446 1060 3520 est,
1088 3432 1121 3500 id
1154 3448 1228 3521 est,

181 3534 302 3607 familiae
323 3563 467 3625 nomen,
487 3539 628 3631 antiquis
649 3538 815 3631 ignotum,
835 3552 869 3605 et
888 3537 1121 3631 posterioribus
1139 3553 1227 3610 tem-

183 3644 328 3734 poribus,
350 3643 469 3737 qulbus
496 3645 558 3712 sub
578 3645 674 3712 unius
696 3643 831 3711 arbitrio
849 3658 882 3712 et
902 3655 1063 3736 potestate
1083 3670 1134 3714 res
1160 3649 1227 3717 Ro·

183 3771 294 3837 mana,
319 3764 419 3844 atque
444 3749 527 3819 adeo
555 3749 645 3819 orbis
669 3763 831 3817 terrarum
859 3750 1073 3838 vertebatur,
1100 3767 1225 3820 natum.

184 3852 274 3925 Extat
288 3857 426 3925 ausonii
440 3855 591 3951 epistola,
603 3854 718 3924 ordine
732 3857 849 3925 XVIII
858 3909 868 3942 ,
877 3880 917 3924 ex
932 3856 1072 3926 editione
1083 3858 1229 3926 Christo·

184 3958 272 4051 pbori
283 3962 445 4053 Plantini,
458 3960 654 4034 adProbum
668 3961 843 4056 quemdam
856 3961 1048 4062 praesectum
1061 3962 1229 4061 praetorio,
