2768 5198
577 792 817 861 urricus.
1155 793 1226 892 257

165 938 253 994 trem
270 922 413 993 obtinuit
425 923 627 1017 dignitatern.
647 926 743 992 Patre
760 947 840 991 usus
856 936 907 991 est
918 920 1072 1016 diligente
1081 909 1105 1010 ³,
1121 927 1229 997 indul·

167 1044 285 1125 gente,
303 1044 353 1117 et,
377 1044 414 1097 ut
430 1042 500 1097 tum
515 1043 609 1098 erant
627 1044 794 1123 tempora,
814 1027 893 1114 diti,
911 1030 945 1095 in
967 1030 1147 1125 primisque
1161 1047 1228 1101 stu·

162 1136 262 1206 ‚dioso
274 1136 468 1204 litterarum.
482 1137 564 1220 Hic,
576 1150 681 1229 prout
694 1137 763 1229 ipse
777 1134 911 1202 amabat
922 1134 1065 1220 litteras,
1075 1139 1229 1209 omnibus

165 1240 346 1328 doctrinis,
382 1242 499 1336 quibus
530 1240 665 1335 puerilis
691 1256 769 1309 aetns
790 1242 952 1334 impertiri
979 1239 1095 1331 debet,
1124 1243 1228 1314 filium

165 1348 319 1419 erudivit.
333 1351 416 1416 Erat
435 1361 544 1415 autem
559 1348 592 1413 in
604 1371 725 1441 puero,
741 1360 862 1440 praeter
876 1344 1076 1415 docilitatem
1090 1349 1229 1442 ingenii,

165 1478 298 1525 summa
327 1455 470 1523 suavitas
491 1442 578 1521 oris⁴
606 1477 645 1521 nc
672 1454 780 1537 vocis,
801 1465 840 1519 ut
858 1477 926 1520 non
948 1451 1054 1520 solum
1081 1453 1230 1525 celeriter

148 1636 152 1643 ,
164 1563 350 1656 acciperet,
362 1584 435 1654 qtnae
447 1558 679 1645 tradebantur,
693 1557 753 1628 sed
766 1560 864 1626 etiam
877 1555 1075 1626 excellenter
1088 1585 1231 1653 pronun·

164 1668 273 1736 tieret.
297 1667 435 1755 Quaen
460 1690 495 1733 re
520 1667 554 1732 in
577 1665 717 1759 pueritia
735 1663 855 1732 nobilis
877 1665 963 1732 inter
982 1663 1122 1756 aequnles
1145 1668 1227 1737 sere·

162 1757 294 1859 hatur⁵,
320 1770 505 1866 clariusque
528 1769 822 1866 explendescehat,
845 1793 945 1863 quam
968 1772 1119 1863 generosi
1145 1798 1228 1841 con·

165 1971 262 2025 Numer
274 1984 349 2044 patre
360 1966 539 2033 (Antelvict.
552 1969 586 2022 de
594 1971 628 2022 V.
639 1970 675 2022 ill.
720 1970 834 2041 plicant,
848 1971 923 2041 cujus
935 1970 979 2023 hie
994 1971 1062 2025 ratio
1077 1974 1121 2025 vix
1136 1975 1228 2030 baberi

164 2048 676 2122 c.111),originemducebat.-Ultima.
720 2048 1228 2123 potest,utisubjectaexplicatiodocet,

165 2129 196 2184 Si
205 2128 239 2183 ed
253 2131 354 2202 primos
365 2131 476 2202 hujusce
488 2129 573 2200 gentis
584 2141 676 2181 aucto·
720 2127 747 2179 in
759 2146 810 2199 qua
823 2129 932 2198 singulis
943 2130 1042 2200 singula
1051 2131 1227 2203 respondent,

165 2228 210 2264 ree
225 2208 362 2274 escendat,
383 2210 580 2281 antiquissimu
600 2209 621 2260 ai
643 2207 676 2260 ad
720 2226 816 2280 nempe
839 2234 850 2255 ι
861 2206 982 2262 docilitas
993 2210 1093 2280 ingenii
1105 2243 1146 2256 --
1159 2215 1227 2266 cele·

165 2303 287 2363 potteroa
293 2288 549 2360 descendamprima.
558 2287 675 2358 ltaapud
719 2288 784 2339 riter
797 2288 930 2358 accipere;
945 2290 1057 2343 suavitas
1071 2292 1123 2343 oris
1135 2312 1165 2345 ac
1179 2313 1227 2346 vo·

165 2369 326 2440 Virgilium,
336 2368 441 2421 AEueid.
451 2370 520 2434 Vll,
535 2375 571 2436 49
589 2385 596 2420 ε
613 2368 676 2420 «Tu
718 2366 1227 2444 cis—excellenterpronuntiare.·Ap-

164 2449 302 2520 unguinis
316 2451 413 2500 ultimus
430 2460 529 2501 auctor.
544 2475 555 2494 ι
576 2446 675 2517 Sepiua
719 2445 818 2498 tissime
828 2460 914 2498 tamen
922 2447 957 2498 ita
965 2447 1109 2513 cohaerent,
1123 2463 1152 2502 ut
1158 2470 1227 2505 eam·

166 2540 256 2582 entem
265 2529 356 2580 ultime
364 2533 445 2598 stirpis
454 2529 523 2579 bom
532 2525 566 2580 de
583 2527 676 2578 viliaei·
717 2523 779 2577 dem
793 2544 849 2578 rem
863 2526 970 2577 uberius
980 2541 1113 2598 exponant
1123 2547 1131 2594 3
1145 2550 1226 2601 quare

164 2605 675 2662 modiciae-Gemaeusflnsotenter
717 2605 796 2656 etiam
821 2604 883 2656 tlibi
900 2608 1105 2678 conjunguntur.
1123 2610 1164 2662 cf.
1180 2612 1226 2663 At·

163 2704 230 2741 cnm
248 2688 351 2758 origine
377 2688 567 2759 conjungitur;
600 2686 674 2738 uncia
716 2685 843 2736 cibel.
865 2685 966 2738 locum
987 2687 1099 2740 similem
1117 2690 1224 2744 exbibet

163 2767 248 2839 igitur
256 2765 365 2839 quidam
378 2768 541 2819 incluserunt
554 2784 561 2819 :
574 2765 673 2837 qnippe
716 2763 897 2828 Quintilianus
915 2765 943 2823 in
963 2784 1074 2835 protem.
1096 2767 1141 2821 lib.
1166 2771 1223 2834 Vl,

164 2845 240 2918 qnod
259 2848 370 2899 verbnm
393 2847 464 2898 salvo
490 2864 568 2899 sensu
585 2847 673 2898 abeeee
716 2844 763 2894 ubi
774 2857 895 2896 noatrum
904 2846 1007 2915 egregie
1018 2847 1222 2917 explicat:«Vo·

163 2927 256 2998 pontit.
265 2957 305 2969 -
314 2927 439 2996 Perpetem.
453 2925 587 2990 Quamdiu
597 2925 671 2978 vixit.
715 2922 753 2974 cia
761 2920 912 2994 jucunditas
922 2925 1093 2996 claritasque,
1103 2929 1155 2979 orie
1163 2947 1222 2980 sua·

163 3036 206 3049 -
230 3006 371 3076 Equestrem
394 3006 496 3057 obtinuit
522 3005 670 3073 dignitatem.
715 3002 835 3066 vitame
847 3003 875 3054 in
890 3015 1001 3073 utraque
1013 3005 1103 3075 lingna
1117 3025 1222 3077 expres·

162 3084 224 3138 Hoc
236 3085 338 3138 honore
348 3097 500 3147 contentus,
511 3085 671 3137 cenatorium
715 3098 743 3132 tt
754 3082 902 3152 proprietas
914 3083 1035 3134 omnium
1044 3084 1217 3138 litterarum..

162 3183 222 3219 non
230 3164 370 3217 affectavit.
383 3164 518 3235 Equestris
530 3176 617 3216 eutem
630 3160 672 3215 di·
714 3160 833 3231 Nempe,
842 3173 873 3213 ut
885 3160 1040 3214 excellenter
1051 3163 1144 3234 eliquia
1157 3185 1220 3236 pro·

162 3242 672 3316 gnitatieineigniaerantequuspublice
714 3240 838 3304 nuntiet,
860 3240 1021 3311 requiritur,
1045 3255 1140 3312 praeter
1161 3247 1220 3297 eoni

162 3322 255 3385 mem.
270 3335 297 3376 et
306 3325 418 3376 annulus
430 3342 533 3375 aureus.
545 3322 596 3374 Hic
602 3320 670 3374 ordo
714 3319 796 3390 ipaius
808 3332 908 3390 gratam
922 3317 1143 3386 modulationem,
1159 3336 1219 3394 apta

162 3402 289 3476 patricios
305 3403 375 3455 inter
392 3415 419 3456 et
436 3403 554 3474 plebeios
568 3399 671 3454 mediae
714 3398 792 3451 etiam
807 3400 902 3470 lingue
917 3412 943 3451 et
961 3400 1054 3451 litteris
1070 3419 1218 3455 accommo-

162 3494 229 3536 ent.
713 3476 774 3531 data
788 3479 842 3533 oria
856 3481 963 3548 ejusque
978 3479 1092 3549 partium
1111 3483 1217 3535 confor-

207 3562 232 3614 3.
259 3562 405 3631 Diligente·
421 3562 469 3613 llei
489 3561 624 3613 familiaris
644 3573 670 3612 et
713 3557 810 3622 matio,
823 3576 882 3628 qun
896 3559 978 3628 ipsam
993 3561 1217 3628 pronuntiationis

161 3639 314 3694 domestice
323 3640 451 3693 assiduam
463 3659 552 3693 euram
562 3638 669 3693 indicat.
713 3636 775 3689 lacit
790 3637 970 3689 excellentiam
979 3676 986 3704 ,
996 3649 1026 3690 nt
1041 3637 1161 3693 dociliter
1173 3661 1215 3695 ac·

161 3752 205 3766 -
217 3720 365 3789 indulgente.
381 3721 501 3772 Verbum
516 3721 567 3773 situ
582 3738 669 3772 remo·
712 3716 829 3789 cipiendi
846 3716 1014 3770 celeritatem.
1028 3718 1089 3771 Tea.
1107 3751 1148 3763 -
1163 3722 1216 3773 Ac.

161 3813 222 3854 tnm
235 3799 342 3852 videtur
355 3815 381 3854 et
393 3801 516 3853 alienum.
530 3800 590 3852 Non
601 3800 670 3852 male
712 3800 807 3866 ciperet.
823 3797 930 3850 Italibri
938 3797 1037 3868 scripti.
1048 3797 1215 3866 AddeQuin·

160 3880 244 3952 igitur
252 3878 335 3932 codex
344 3877 484 3932 Medicaeue
495 3880 666 3931 omittitha.
712 3877 794 3928 tilian.
814 3878 840 3941 l,
854 3879 886 3939 3,
899 3876 913 3928 3
924 3894 930 3927 :
951 3902 961 3922 ι
972 3877 1042 3928 Puer
1053 3897 1140 3943 meua,
1155 3900 1215 3952 qun

161 3961 264 4020 -Et,
289 3972 317 4010 ut
334 3971 383 4010 tum
400 3973 468 4010 erant
482 3972 594 4028 tempora.
616 3958 668 4010 Pro
712 3954 1211 4031 tradentnrmondilliculterttccipiet..

159 4037 594 4110 conditionetempommilloanm.
602 4037 668 4090 For·
711 4035 773 4088 Non
801 4036 882 4106 igitur
907 4035 1038 4089 lambino
1063 4055 1132 4110 opus
1159 4053 1216 4094 erat

161 4118 235 4171 mnla
253 4117 358 4189 elegant
378 4130 405 4171 et
426 4119 542 4190 antiquie
563 4116 667 4170 unitate.
710 4114 852 4169 emendate
865 4118 989 4185 eminet.

160 4196 319 4269 Itagance,
331 4199 396 4250 delta
401 4218 466 4270 pour
476 4199 499 4249 le
513 4210 595 4269 temps.
605 4195 668 4249 Huc
753 4197 779 4248 5.
794 4195 891 4248 Nobilis
900 4199 964 4248 inter
972 4196 1214 4267 nqmluserelettre.

160 4275 585 4350 Hepoeaddidit,qnianondnm
594 4276 668 4329 aeu-
710 4273 850 4329 emeatus
869 4290 949 4345 quam
974 4282 1041 4336 tm,
1063 4275 1214 4341 hialam

159 4357 220 4411 tien
233 4374 300 4428 ope·
314 4357 409 4411 urbem
420 4359 577 4410 inruerant.
710 4351 744 4407 de
753 4365 875 4426 aperteet
883 4354 1216 4425 manifestaaignificatione

201 4442 230 4505 4.
253 4436 320 4491 Oris.
349 4438 389 4490 De
410 4437 487 4490 vultu
501 4434 609 4508 qnidam
626 4453 669 4487 ex·
710 4445 737 4485 et
756 4431 952 4506 pradicatioue.
975 4432 1019 4486 Sic
1035 4432 1166 4505 eleganter
1182 4433 1217 4491 ad

991 4563 1033 4637 ¹7
