2706 4770
369 312 819 431 onsuurrrrouas.
1045 364 1120 460 339

57 513 115 549 non
127 496 255 566 cujusque
270 503 310 544 est
320 490 433 573 lectoris.
448 490 681 556 Pauciores,inter
693 512 758 563 quos
770 492 929 557 Lambinus,
941 494 1013 547 locos
1028 510 1117 550 aucto·

58 594 137 641 nam,
152 590 245 627 eorum
257 571 417 644 presertim,
432 572 479 640 qui
493 570 581 623 minus
603 572 629 622 in
647 572 767 624 manibus
789 573 906 625 tironum
925 588 1074 640 versantur,
1089 578 1119 630 in

57 653 234 708 annotatione
248 652 455 720 exscripserunt,
472 662 499 702 ut
513 650 678 720 pancissimi,
695 664 814 704 auctores
829 653 857 704 in
872 651 975 706 diversa
994 656 1118 709 abeuntes

61 747 107 786 ant
117 731 260 786 conciliare
274 731 345 783 inter
357 748 397 794 se,
408 741 470 792 aut,
483 747 513 781 re
528 730 647 799 cognita,
661 729 790 799 judicium
808 730 841 784 de
855 733 892 785 eis
907 733 975 786 ferre
988 736 1118 789 sustinue-

59 825 140 877 runt,
160 829 243 883 quum
255 809 353 863 erroris
369 827 477 879 arguere
493 821 640 872 auctorem,
656 828 735 881 quem
746 823 969 876 commentantur,
986 814 1119 884 piaculum

59 892 138 965 quasi
150 890 257 944 ducant.
278 889 333 941 Nec
347 889 375 940 in
387 889 462 940 libris
474 889 598 959 separatis
612 889 762 960 plerisque,
782 909 849 960 quos
863 889 898 943 de
910 893 1019 944 historia
1031 907 1119 947 vetere

58 988 237 1042 composuere
258 968 431 1031 recentiores,
452 985 568 1019 accessus
586 966 665 1020 datur
682 967 714 1020 ad
736 969 798 1021 artis
817 970 947 1023 historico
963 974 1120 1042 penetralia,

58 1050 200 1106 scientiam
214 1047 311 1102 scilicet
328 1045 492 1116 dijudicandi
509 1060 636 1100 auctores.
658 1048 709 1099 Alii
725 1048 863 1101 historiam
883 1051 1014 1117 scribunt,
1034 1054 1120 1106 norni-

59 1129 131 1184 natis
144 1129 255 1182 testibus
269 1127 363 1191 nullis,
376 1125 448 1198 quod
460 1123 566 1196 quidem
579 1126 776 1197 compendiario
788 1129 926 1199 scriptori,
941 1130 1052 1184 simodo
1066 1134 1121 1204 ipse

59 1207 271 1280 diligens'iuerit
285 1206 399 1259 fontium
418 1217 611 1276 perscrutator,
631 1208 668 1259 fas
681 1225 736 1259 esse
754 1205 832 1260 duco.
853 1207 885 1260 ld
903 1209 973 1260 euim
987 1211 1121 1264 elementis

59 1288 181 1343 historin
195 1286 291 1340 veteris
314 1283 480 1338 addiscendis
502 1303 580 1356 quam
603 1287 716 1338 maxime
735 1287 866 1339 convenit.
893 1287 945 1340 Sed
967 1288 1123 1344 eruditiores

58 1369 147 1423 oculis
160 1366 214 1419 suis
229 1364 338 1430 videre,
355 1363 522 1434 disersmque
536 1365 650 1417 rationes
670 1364 817 1434 ponderare
831 1367 931 1420 volunt.
946 1368 1122 1423 Citationihus

59 1445 230 1521 superfluunt
245 1445 305 1509 alii,
324 1445 443 1515 quamvis
458 1445 508 1514 ipsi
520 1462 580 1496 raro
594 1444 679 1496 sontes
688 1443 813 1509 adierint,
828 1447 1005 1499 recentiorum
1017 1450 1121 1519 opinio·

59 1546 109 1581 nes
122 1537 245 1580 veterum
258 1524 407 1577 immiscent
421 1523 589 1589 testimoniis,
605 1542 654 1577 nec
667 1543 681 1576 a
694 1525 763 1576 veris
777 1525 840 1577 falsa
853 1523 1008 1595 dijudicant.

100 1608 126 1660 l.
147 1605 286 1659 Innumeri
300 1604 355 1656 fere
369 1615 431 1656 suut
447 1603 563 1656 Cornelii
578 1603 645 1668 loci,
660 1603 757 1673 quibus
768 1622 800 1655 ex
813 1604 870 1656 aliis
883 1607 1048 1672 auctoribus,
1064 1609 1122 1679 pari

60 1699 108 1741 aut
120 1686 222 1755 majore
236 1682 289 1736 lide
300 1682 400 1754 dignis,
421 1683 538 1754 suppleri
553 1694 639 1753 potest
657 1683 788 1735 ueletiam
804 1683 946 1738 emendari.
961 1686 1054 1740 Varias
1067 1706 1123 1752 res,

60 1782 122 1839 qut
136 1764 254 1818 historias
277 1760 430 1834 supplendas
449 1774 475 1814 et
497 1759 683 1814 connectendas
701 1762 865 1826 inserviunt,
887 1762 982 1816 tabulis
1000 1766 1122 1818 Chrono-

61 1845 157 1918 logicia
173 1842 305 1897 indicabo.
325 1842 376 1894 llic
392 1837 505 1912 deligam
521 1840 687 1912 potissimum
704 1859 748 1894 eos
761 1842 845 1906 locos,
859 1844 955 1914 quihus
969 1846 1124 1900 Cornelium

59 1942 164 1979 cmm
182 1935 229 1976 aut
250 1921 423 1992 negligentius
443 1921 575 1991 scripsisse
597 1918 689 1985 credo;
709 1939 764 1973 non
775 1920 933 1975 detrahendi
948 1923 1033 1994 aliqua
1048 1927 1124 1998 cupi·

60 2004 146 2059 ditate
162 2000 269 2062 ductus,
293 2000 340 2053 sed
356 2001 472 2054 veritatis
488 1999 619 2052 historicas
632 1999 736 2064 studio,
763 2014 789 2053 et
808 2002 942 2070 juventuti
964 2003 1123 2070 immicus,

61 2102 122 2155 qna
140 2082 238 2154 sepius
254 2091 354 2133 veteres
364 2098 455 2132 ornnes
470 2076 572 2131 laudari
589 2097 642 2131 uuo
657 2098 704 2131 ore
719 2079 797 2132 rebus
810 2080 837 2132 in
851 2081 974 2132 omnibus
986 2081 1078 2148 audit,
1097 2096 1124 2136 et

60 2162 95 2217 sd
110 2181 157 2217 sos
175 2159 353 2232 superstitiose
366 2157 491 2211 colendos
506 2156 627 2228 adigitur.
653 2158 727 2210 Nihil
744 2172 782 2212 est
800 2160 881 2230 magis
898 2160 1012 2213 alienum
1030 2182 1043 2214 s
1060 2181 1123 2215 vero

60 2241 228 2314 antiquitatis
244 2237 342 2300 studio,
365 2258 447 2310 quum
463 2234 612 2295 videamus,
633 2237 706 2308 quod
719 2257 797 2309 supra
813 2240 920 2304 monui,
935 2239 1124 2311 reprehendis

60 2321 207 2377 Plutarcho
221 2317 401 2382 Herodotum,
417 2317 531 2371 aPlinio
548 2317 717 2381 Cornelium
732 2318 801 2370 nihil
816 2320 897 2390 magis
912 2318 1037 2374 obtundit
1049 2319 1123 2393 judi-

58 2399 141 2457 candi
155 2400 225 2463 vim,
241 2416 320 2469 quam
341 2417 432 2451 acuere
449 2397 562 2449 maxime
578 2395 676 2450 dehent
698 2400 806 2466 juvenes
821 2399 937 2451 litterati.
958 2400 1026 2451 Nam
1041 2421 1124 2472 quum

60 2480 205 2554 aupissime
213 2478 241 2530 in
254 2490 340 2549 partes
351 2476 465 2530 diversas
471 2477 565 2529 abeant
575 2476 692 2530 historici
700 2491 800 2533 veteres
815 2474 825 2537 (
831 2477 904 2547 quod
913 2477 984 2530 idem
996 2480 1024 2531 in
1034 2493 1122 2534 nostra

59 2560 174 2616 historia
186 2555 295 2623 accidit,
307 2569 333 2609 et
344 2555 416 2628 quod
428 2556 543 2608 humana
554 2556 605 2608 fert
618 2553 765 2625 fragilitas),
776 2568 822 2608 aut
835 2556 922 2626 legent
933 2575 977 2608 eos
988 2558 1044 2610 sine
1053 2558 1124 2632 judi·

58 2643 104 2695 cio
117 2651 147 2694 et
160 2638 219 2692 siue
235 2637 289 2689 ulla
303 2635 337 2689 ad
351 2655 393 2689 res
409 2635 697 2701 narratasatteutioue,
712 2647 759 2687 aut
775 2634 906 2700 nescient,
927 2636 971 2686 cui
982 2634 1062 2689 fidem
1078 2639 1124 2690 tri·

58 2721 164 2783 huant,
188 2717 232 2770 cui
250 2728 354 2787 negent.

99 2800 139 2852 11.
159 2798 223 2851 Dixi
236 2797 314 2868 hujus
332 2794 435 2848 dissert.
454 2812 481 2863 p.
492 2793 558 2856 326,
573 2810 614 2844 me
629 2811 684 2845 non
705 2789 825 2859 erodere,
844 2790 973 2845 Herodoti
986 2793 1123 2849 historiam

59 2896 182 2951 unquam
203 2877 232 2929 iu
255 2887 425 2947 conspectum
446 2872 548 2925 venisse
570 2872 689 2925 Cornelii
704 2872 823 2943 Nepotis.
853 2873 955 2935 Erunt,
982 2893 1047 2944 quos
1066 2875 1123 2929 hee

60 2958 180 3031 suspicio
194 2953 325 3021 offendet,
337 2955 383 3026 qui
397 2970 550 3024 persuasum
562 2951 612 3003 sihi
621 2953 734 3016 hahent,
744 2950 894 3004 auctoribus
911 2953 1010 3005 latirus
1020 2952 1122 3007 editum

59 3037 178 3111 patuisse
192 3033 227 3088 ad
241 3034 348 3087 Grmcos
362 3052 468 3096 omnes,
489 3031 601 3102 illosque
619 3031 686 3083 nulli
706 3031 852 3102 pepercisse
867 3049 953 3100 opera
974 3032 1023 3086 hos
1037 3035 1123 3104 perle-

21 3100 27 3111 ’
58 3114 142 3190 gadi
163 3128 191 3168 et
216 3111 366 3184 indagandi.
402 3110 453 3165 Sed
473 3112 635 3182 cogitemus,
655 3112 787 3180 ingentem
810 3110 890 3163 luisse
910 3110 1012 3180 copiam
1036 3113 1122 3167 omnis

59 3196 167 3270 generis
182 3195 311 3247 librorum
333 3204 359 3246 et
380 3190 450 3262 apud
476 3191 597 3255 Graecos,
626 3203 651 3242 et
670 3189 787 3242 Cornelii
811 3190 889 3241 etiam
913 3201 1032 3261 tempore
1050 3191 1120 3263 apud

60 3277 210 3339 limana,
228 3292 343 3344 qnorum
357 3272 466 3324 minima
480 3290 540 3342 pars
551 3282 653 3322 estatem
668 3270 741 3333 tulit,
755 3286 839 3338 eoque
853 3267 1030 3321 difficiliorem
1043 3271 1121 3327 fuisse

58 3354 202 3410 delectum.
220 3353 385 3423 Cogitemus,
400 3349 472 3403 idem
489 3348 612 3403 accidisse
623 3349 722 3401 Graecis
739 3366 769 3401 ac
781 3349 922 3412 Romanis,
940 3349 1013 3419 quod
1028 3351 1118 3418 nobis,

58 3452 188 3508 aperuere
202 3442 395 3502 nonuunquam
421 3443 447 3482 et
468 3430 598 3500 negligere
621 3430 703 3480 libros
723 3428 807 3480 bonos
823 3428 998 3498 antiquiores,
1025 3443 1051 3483 et
1069 3450 1120 3503 pro

58 3513 309 3588 prostantioribus,
333 3509 457 3563 novitatis
475 3509 571 3580 gratia,
589 3507 624 3560 ad
639 3520 741 3578 tempus
754 3507 852 3560 habere
867 3509 945 3575 alios,
966 3511 1011 3580 qui
1028 3528 1118 3564 revera

58 3607 139 3648 eraut
152 3594 262 3646 minoris
275 3591 354 3663 pretii
369 3602 395 3642 et
411 3587 483 3641 fidei.
504 3588 531 3640 st
546 3588 665 3658 exemplo
678 3606 745 3659 opus
756 3599 809 3649 est,
825 3606 941 3658 provoco
957 3587 990 3640 ad
1000 3608 1045 3655 ea,
1060 3608 1118 3661 quo

57 3675 159 3729 Cicero
172 3670 240 3725 dixit
251 3670 285 3725 de
304 3670 412 3725 Catonis
422 3667 592 3737 Originibus,
610 3665 753 3737 eademque
768 3668 903 3719 occasione
913 3665 947 3720 de
960 3669 1118 3740 Thucydide

57 3766 87 3808 et
102 3751 140 3806 dc
160 3752 285 3818 Philisto,
303 3750 431 3820 exscripta
450 3767 465 3799 a
481 3766 522 3798 me
541 3746 668 3817 superius.
683 3747 834 3816 Cogitemus
854 3747 948 3812 etiam,
963 3749 1117 3801 Graecorum

56 3834 160 3899 libs-os,
181 3832 326 3904 pracsertim
344 3828 522 3898 antiquiores,
543 3844 657 3896 quorum
674 3827 830 3897 exemplaria
849 3828 945 3879 semim
960 3828 1118 3897 multiplica·

56 3916 161 3968 bantur
179 3931 228 3981 per
243 3911 364 3963 librarios
384 3903 504 3961 mercede
522 3903 680 3970 conductos,
704 3922 758 3958 non
778 3906 865 3958 ubivis
886 3907 963 3959 fuisse
980 3908 1072 3959 obvios
1091 3906 1118 3957 in

55 3993 153 4059 ltalia,
174 3991 293 4045 Cornelii
309 3990 422 4043 maxime
439 3999 530 4052 astate,
549 4004 602 4057 qua
624 3986 730 4039 nonita
752 3984 854 4038 dudum
879 3985 989 4055 flagrare
1008 3983 1118 4038 Romani

864 4089 933 4160 22²
