2706 4770
147 307 220 383 352
364 304 650 375 EXCURSUS
677 303 979 372 VARIORUM

146 441 220 495 curia
232 451 259 492 ct
267 435 420 491 oscitatione
427 432 553 506 quasdam
562 434 645 486 lineas
656 434 697 485 vel
706 431 831 505 periodos
842 433 1029 505 praetermisit,
1038 434 1100 487 etin
1107 434 1205 527 periodo

146 521 225 594 paulo
247 530 309 589 post
324 526 461 587 sequeme,
484 532 544 585 ques
561 514 658 565 iterum
675 531 689 566 a
703 531 768 565 voce
784 517 864 585 itaque
877 514 1044 584 incipiebat,
1059 517 1173 585 perrexit
1185 529 1206 568 et

147 597 266 671 scripsit,
281 594 467 654 decemuiralem,
483 605 534 645 etc.
550 593 598 644 Est
613 592 684 645 enim
701 592 830 644 familiare
840 592 958 663 Nepoti,
974 591 1206 665 eumdempartim·

147 679 216 743 lam,
234 694 287 747 qua
302 675 408 727 initium
419 671 525 744 periodi
540 672 650 737 fecerat,
669 671 749 743 paulo
764 684 825 742 post
840 682 981 743 repetere,
1003 690 1045 725 ea.
1059 691 1099 743 gr.
1115 675 1137 726 1.
1153 692 1181 739 1,
1192 695 1203 728 a

146 769 173 810 et
190 758 220 821 3,
233 754 316 826 Neque
331 753 418 805 miuus
438 783 478 794 —
500 751 583 823 Neque
596 749 625 802 id
639 750 763 820 magis-
780 752 863 822 Neque
874 769 906 802 eo
921 751 1019 804 secius.
1031 753 1070 817 V,
1083 752 1113 817 3,
1132 770 1162 818 1,
1176 772 1202 819 ι,

147 836 212 889 Nam
226 845 351 886 testarum
366 863 401 875 -
420 830 485 883 Nam
500 831 675 901 quum.V11,
691 830 722 894 5,
741 849 752 883 1
770 842 797 882 et
815 850 848 894 a,
862 831 949 900 Itaque
964 842 1073 902 tempus
1102 863 1141 874 -
1161 832 1201 884 Ite·

147 934 190 987 quc
204 910 238 966 ed
252 911 465 983 Tissaphernem.
479 908 545 962 ibid.
562 911 628 961 Erat
640 912 702 961 enirn
720 927 751 961 ea
771 940 802 951 —
820 909 886 960 Erae
898 912 961 959 enim
973 907 1080 962 eodem.
1091 911 1166 975 vm,
1180 930 1201 975 a,

148 997 256 1056 a-d,
275 994 303 1056 6,
319 991 403 1062 Neque
413 1008 472 1041 uero
482 1019 522 1031 -
536 989 619 1060 Neque
627 1001 705 1039 tamea
717 1020 756 1031 -
766 988 850 1059 Neque
861 991 997 1059 quisquam.
1014 989 1060 1042 Sic
1072 989 1147 1042 etiam
1160 989 1200 1043 bac

145 1071 498 1142 loco,1taque-Itaque—
506 1080 532 1120 et
543 1067 614 1120 alibi.
626 1066 669 1119 Sic
679 1066 780 1120 Cicero
773 1086 801 1118 m
808 1067 916 1138 epistola
924 1066 958 1120 ad
965 1069 1113 1121 Lucceium
1114 1070 1199 1136 ,Vrsa

146 1169 225 1223 quam
240 1150 295 1220 ipsc
307 1149 382 1200 ualde
399 1149 484 1200 bellam
502 1146 568 1199 dixit
586 1144 619 1199 ad
634 1147 767 1231 Atticum,
780 1146 830 1210 IV,
845 1151 872 1210 6,
886 1145 1045 1218 quindecies
1061 1148 1196 1220 partiale·

146 1235 207 1282 enim
221 1227 343 1293 adhibet,
351 1241 379 1281 ct
393 1228 421 1280 in
437 1212 662 1298 eademepistoli,
679 1233 707 1292 4,
716 1227 744 1290 5,
757 1226 773 1279 8
777 1225 1196 1298 ,Nequeenu'm-Nequetnen-

146 1311 229 1384 Neque
243 1322 335 1374 tamen,
353 1319 402 1360 etc.
423 1307 506 1377 Kapp.

186 1435 365 1496 Aucmrsnns,
375 1432 415 1483 VI
423 1469 432 1495 ,
440 1450 467 1501 p.
478 1449 525 1500 79.
545 1429 603 1483 Nisi
617 1429 738 1501 Olympia
747 1429 886 1481 uictoribus.
907 1430 990 1501 Atqui
998 1449 1078 1490 raemo,
1090 1429 1193 1497 risellu.

147 1531 245 1564 coruum
262 1511 400 1583 Olympicus
413 1529 497 1560 aureas
513 1529 617 1560 eerreasre
626 1510 704 1574 fuisse
718 1508 803 1560 litteris
817 1508 950 1578 prodidit:
971 1512 998 1559 in
1013 1511 1108 1582 reliquis
1122 1526 1193 1580 queque

147 1595 222 1643 sacris
231 1590 336 1645 Groecioe
350 1589 466 1659 agonibus
475 1588 555 1639 nullus
565 1589 638 1648 dicit,
652 1587 783 1639 uictoribus
795 1589 853 1638 tales
866 1588 940 1639 dotas
953 1608 1004 1639 esse
1013 1608 1117 1641 coronas.
1128 1587 1189 1643 Nn.

148 1683 177 1722 ut
188 1691 204 1720 a
216 1669 354 1742 quibusdam
372 1672 485 1738 scriptum
498 1672 607 1728 invenio,
625 1669 666 1738 qui
683 1665 816 1738 olympicis
837 1668 1006 1719 certaminibus
1024 1672 1129 1730 auisset,
1138 1684 1191 1717 ισο-

149 1770 204 1801 nam
221 1770 251 1801 ec
262 1750 329 1809 olea,
352 1759 380 1799 ut
398 1747 454 1798 aliu
464 1747 558 1817 placet,
573 1767 603 1798 ee
619 1746 721 1797 oleastro
735 1747 896 1816 reportabat:
920 1751 964 1819 qur‘
982 1749 1095 1817 Pythius,
1110 1747 1192 1797 lmen

149 1847 259 1880 somnam
269 1847 322 1879 cum
331 1826 399 1877 mulis
412 1844 420 1878 ε
437 1829 478 1897 qui
491 1826 611 1881 issimis,
624 1846 654 1876 ee
661 1828 722 1894 pinu
731 1822 861 1892 consectum
873 1845 883 1876 .·
899 1830 942 1897 qui
952 1845 1015 1878 uero
1026 1827 1137 1886 Nereis,
1150 1828 1193 1894 φὶ

149 1907 315 1960 coronabatur.
336 1906 377 1957 Ita
399 1905 502 1976 Magius
513 1903 547 1957 ad
561 1905 588 1958 h.
598 1906 615 1957 l.
633 1921 711 1974 quem
726 1917 753 1958 et
767 1905 911 1957 Lambinus
926 1906 1058 1976 sequitur.
1077 1906 1155 1972 Quare
1166 1905 1193 1955 ita

149 1987 296 2050 existimat,
316 1985 431 2038 Nostrum
444 2004 491 2036 uon
505 1988 612 2044 inuuere,
630 1983 818 2035 comuetudr'uem
831 1988 855 2035 in
871 1983 973 2037 Groeciu
979 1988 1073 2052 fuisse,
1089 1998 1114 2037 at
1124 1984 1192 2054 Otr*

145 2073 195 2138 pioe
202 2070 305 2119 uictores
316 2069 394 2118 aureis
401 2069 517 2137 uncisque
526 2068 618 2116 coronis
625 2063 785 2125 donarenturq
795 2063 839 2115 sed
843 2083 934 2133 genera
944 2065 1070 2118 &entant
1078 2081 1192 2117 mma

150 2151 175 2198 iu
186 2146 315 2199 Alcibiade
327 2149 478 2215 expressisse,
496 2149 521 2196 ιἰι
531 2145 704 2214 Olympionicir
715 2161 773 2194 uero
787 2162 834 2195 non
850 2147 924 2195 item:
941 2144 977 2194 ad
991 2146 1036 2196 lios
1052 2148 1108 2196 caia
1118 2160 1192 2213 qaas,

149 2226 185 2276 ad
199 2224 352 2277 Alcibiadem
366 2228 452 2294 speeies
467 2224 594 2276 intendere.
620 2222 819 2293 Olympionicas
840 2236 928 2275 tamen
947 2221 1068 2297 denique
1079 2242 1124 2277 nau
1135 2221 1192 2272 olea-

149 2304 217 2374 ginis
228 2301 308 2354 modo
318 2303 437 2359 coronis,
451 2315 481 2354 ut
492 2303 652 2373 antiquitus,
667 2299 861 2374 aedaliquaudo
869 2302 957 2355 aureis
964 2322 1089 2375 quoque,
1102 2301 1192 2354 donatus

149 2383 240 2446 fuisse,
256 2381 335 2433 etiam
351 2400 365 2433 e
378 2379 494 2432 Pindaro
510 2380 659 2451 Olympior.
671 2384 698 2447 8,
710 2382 811 2453 stroph.
829 2401 853 2447 1,
864 2381 1040 2455 Thucydide,
1053 2384 1097 2435 lib
1106 2400 1144 2446 ar,
1154 2377 1192 2431 sab

151 2462 197 2514 fia.
212 2473 238 2513 et
246 2460 410 2513 Tertulliano
424 2459 458 2512 de
472 2461 575 2523 anima,
588 2478 610 2511 c.
627 2480 673 2528 29,
683 2459 787 2532 pridem
799 2460 951 2514 docueruut
962 2463 1016 2514 viri
1030 2461 1116 2528 docti,
1128 2457 1191 2513 ints

149 2541 283 2605 Muretus,
292 2541 357 2592 Var.
370 2540 476 2592 lection.
495 2557 574 2609 17,7,
586 2553 613 2591 et
627 2540 683 2593 Pet
692 2540 791 2606 Faber,
800 2541 945 2611 Aqouistici
958 2561 989 2606 a,
1004 2543 1191 2611 ”Quacum

149 2618 220 2693 apud
238 2618 384 2672 Pindarum
399 2620 494 2679 titium
515 2620 719 2689 χρυσοςιφάνιυς,
736 2639 850 2692 quorum
863 2633 940 2671 mater
958 2621 1088 2694 Olympia
1101 2619 1190 2673 dicitnr·

150 2701 335 2769 καλλιςιφάνιυς
349 2700 556 2770 interpretantur
568 2717 622 2751 uon
636 2697 717 2751 modo
723 2700 882 2754 recentiores
893 2700 1069 2771 interpretes,
1081 2697 1124 2753 sed
1131 2697 1189 2751 etia·

150 2780 247 2834 scholia
261 2797 343 2849 greca
355 2791 459 2843 vetera,
475 2779 610 2848 ipsamque
619 2778 703 2831 oleam
713 2779 857 2831 victoribus
874 2777 965 2831 datam
978 2780 1143 2851 amicaqa'em
1155 2792 1189 2829 st·

149 2859 298 2930 gnominari
311 2858 420 2921 voluut;
436 2854 508 2928 quod
524 2858 626 2928 prolixe
643 2858 739 2911 refellit
752 2859 844 2912 Faber.
857 2859 955 2912 Butos.

190 2995 368 3056 Auctarium,
383 2990 432 3055 XI,
449 3008 476 3061 p.
491 2993 536 3045 86.
554 2991 612 3042 Duo
624 2990 845 3045 maledicentissimi.
862 2992 942 3046 Plura
955 2990 1007 3047 hac
1017 2992 1054 3046 de
1065 3010 1094 3046 re
1105 2991 1189 3045 imru.

150 3072 180 3123 de
192 3072 247 3122 frist.
265 3071 345 3123 Groec.
365 3088 376 3122 ι
389 3109 396 3135 ,
410 3089 443 3139 7,
458 3083 484 3123 et
502 3089 549 3131 ιι,
566 3082 592 3122 et
606 3075 631 3121 ia
640 3071 767 3123 Addeudis
782 3072 817 3123 ad
827 3073 902 3124 locum
911 3077 1077 3142 posteriorem.
1090 3073 1141 3126 Bu.
1150 3068 1189 3120 no

154 3152 257 3203 Timaeus
266 3148 340 3201 Leid.
353 3161 380 3200 et
389 3150 465 3201 Voss.
475 3150 507 3201 A.
519 3150 652 3217 Thymena.
665 3149 725 3203 Scio
736 3150 857 3222 quidem,
872 3151 1083 3224 Theopompum
1092 3163 1189 3204 macuta

150 3231 251 3282 Timaeo
263 3228 399 3281 calumnie
410 3229 521 3281 crimine
535 3229 613 3281 fuisse
623 3242 785 3295 accusatum,
794 3228 839 3283 sed
853 3250 946 3284 omues
960 3251 1069 3285 veraces
1080 3243 1189 3286 auctmi

149 3309 296 3379 precipue,
310 3307 356 3377 qui
369 3307 472 3360 clavum
490 3308 594 3359 clavum
607 3321 634 3360 et
646 3309 769 3380 scapham
784 3311 906 3380 scapham
919 3312 1071 3383 appellant,
1086 3328 1135 3364 uua
1144 3315 1188 3359 Ν

150 3386 263 3442 habendi
286 3385 422 3451 maledici;
444 3387 562 3439 veritatis
577 3389 648 3439 enirn
663 3388 852 3460 Theopompus
873 3390 925 3442 fuit
942 3389 1187 3444 sacrificandorumt

151 3465 261 3518 Vossius
275 3463 399 3517 ostendit.
415 3465 529 3519 Maxima
540 3485 604 3519 vero
618 3468 642 3519 ei
650 3465 716 3520 fides
727 3467 848 3521 habenda
857 3482 908 3531 est,
922 3488 965 3521 res
976 3471 1078 3522 bellum
1085 3470 1187 3536 Pelopon

150 3544 282 3595 nesiacum
298 3556 442 3615 spectantes
453 3544 625 3607 describenti,
639 3547 687 3616 qui
702 3545 735 3599 ad
747 3548 849 3618 reliqua
861 3548 924 3601 belli
935 3547 1145 3620 Peloponnesiaci
1154 3540 1186 3593 ἅ·

150 3621 260 3675 texenda
274 3625 390 3675 animum
404 3626 505 3694 appulit
519 3644 525 3677 :
540 3626 656 3679 r.Wess.
670 3625 703 3678 ad
719 3625 797 3679 Diod.
813 3626 893 3680 Sicul.
908 3627 955 3680 lib.
964 3646 1009 3691 av,
1018 3647 1077 3700 cap.
1088 3647 1113 3681 1.
1125 3625 1185 3677 ΟΜ

150 3703 221 3756 enim
234 3713 272 3753 est
284 3700 364 3766 inde,
377 3703 423 3755 ubi
438 3702 608 3775 Thucydides
623 3703 716 3757 desiit:
733 3726 758 3759 v.
776 3707 845 3759 inter
860 3707 924 3759 alios
940 3707 1085 3779 Polybium
1100 3707 1126 3759 iu
1140 3703 1185 3755 Εῑί

151 3781 184 3835 de
199 3781 289 3833 virtut.
305 3793 332 3832 et
344 3781 414 3832 vitiis
429 3800 488 3852 pag.
507 3785 587 3852 ¹379·
609 3783 661 3836 Sed
674 3798 701 3837 et
714 3786 832 3838 veritatis
846 3784 965 3839 studium
983 3806 1052 3858 sepe
1069 3787 1093 3840 ei
1107 3783 1185 3837 dicen

151 3863 183 3915 ab
199 3861 256 3913 aliis
268 3858 301 3912 de
316 3860 380 3911 viris
398 3859 541 3913 illustribus
558 3864 704 3917 testimonia
720 3866 793 3936 quasi
805 3867 923 3918 extorsit.
943 3865 1091 3921 Audiamus
1104 3863 1134 3917 de
1148 3861 1186 3927 lei·

149 3940 246 3994 saudro
253 3939 436 4001 Plutarchum,
448 3959 476 4012 p.
487 3943 559 4004 450:
574 3943 625 3994 liei
639 3942 685 4013 γὰρ
696 3946 712 3999 i.
722 3945 795 3997 nasia
806 3951 848 3997 τοῦ
866 3941 1012 4017 buadrdpus
1020 3946 1187 4002 emiseras
