2706 4770
247 390 269 434 n
610 363 937 434 TESTIMONIA

246 499 313 568 mio
339 495 390 566 cui
413 492 616 563 fovendum?
635 493 777 582 Inveni,
804 494 930 590 trepide
956 492 1048 564 silete
1070 514 1181 566 versus
1201 491 1217 590 (
1235 500 1307 589 vel,

243 618 280 674 ut
306 600 433 671 mavult
459 600 522 695 legi
551 599 600 670 Cl.
616 603 817 689 Puteanus,
845 599 974 697 'trepide
999 603 1097 672 st'lcto
1123 619 1229 692 nate,
1267 621 1307 676 ut

241 732 302 805 per
330 723 449 778 nutum
478 706 600 776 librum
629 731 725 777 suum
754 707 937 803 significet,
964 732 1105 802 eumque
1136 712 1185 780 sic
1222 710 1305 784 ullo·

241 830 377 912 quatur,
392 830 429 884 ut
443 837 562 909 parens
578 812 703 901 fitium,
719 813 848 908 quodsi
863 815 1075 910 recipiamus,
1087 813 1199 886 malim
1215 815 1307 914 legi,

240 922 369 1018 trepide
391 922 487 991 silete
503 925 582 990 nati
591 914 621 1007 ),
640 923 711 989 Nec
729 919 866 990 doctum
888 923 1013 1008 minus,
1034 936 1068 991 et
1086 925 1191 1017 tnagis
1210 924 1306 995 beni·

240 1052 368 1123 gnum,
391 1028 502 1117 Quam
523 1050 622 1120 quem
645 1023 753 1096 Gallia
774 1028 914 1122 praebuit
935 1026 1077 1098 Catullo.
1099 1032 1174 1099 Hoc
1191 1029 1308 1103 nullm

240 1134 320 1203 mihi
334 1134 441 1204 carior
455 1156 625 1219 meorum,
636 1133 745 1222 Quem
762 1132 864 1228 plun's
879 1132 1003 1203 iaciunt
1017 1158 1137 1205 novem
1156 1158 1308 1226 sorores,

238 1238 1074 1334 Quamcunctosalios,Mai-onedemptoPucatum
1086 1241 1308 1331 hauddubie,

237 1361 353 1442 poeta,
375 1346 465 1416 dicis.
495 1345 571 1440 lpse
597 1344 852 1443 est3intrepide
880 1343 989 1415 volate
1013 1371 1138 1418 versus.
1156 1350 1223 1419 Hic
1244 1373 1307 1445 vos

237 1450 373 1549 diligere
392 1468 426 1522 et
450 1449 540 1520 volet
560 1452 665 1537 tueri,
689 1453 733 1519 Et
753 1450 860 1520 nudos
882 1453 1008 1547 gremio
1034 1452 1147 1522 lovere
1172 1467 1257 1525 tuto.
1284 1478 1304 1521 e

237 1550 340 1643 (Hoc
360 1572 472 1626 autem
493 1555 610 1625 ordine
631 1557 693 1626 hos
712 1558 881 1651 proximos
900 1581 1016 1627 versus
1037 1582 1108 1630 esse
1129 1559 1308 1654 legendos,

237 1677 270 1732 et
286 1688 348 1758 pro
352 1662 497 1755 fovete,
505 1662 655 1752 struere,
676 1663 926 1756 reponendum,
941 1663 1024 1734 vidit
1046 1665 1096 1734 (ΣΙ.
1119 1667 1309 1751 Ριιῑοαυως

236 1768 323 1837 idem
342 1782 453 1836 tamen
470 1764 596 1836 turdum
613 1772 649 1835 in
660 1773 791 1860 gremio
809 1768 902 1863 legit,
917 1783 956 1838 ut
975 1770 1076 1839 babet
1094 1769 1194 1840 editio
1213 1774 1308 1868 Ilug-

235 1873 392 1943 dunensis
406 1887 440 1943 et
452 1875 610 1965 Antverp.
623 1924 632 1958 ‚
646 1885 684 1941 ut
697 1886 860 1966 congruat
871 1899 948 1943 cum
964 1900 1046 1944 voce
1056 1868 1174 1966 nate.)
1187 1878 1310 1974 Neque

236 2002 316 2051 vero
334 2003 533 2075 quemquam
550 2001 686 2046 movere
700 1977 816 2065 debet,
831 1979 921 2073 quod
935 1980 1086 2051 Catullus
1102 1982 1196 2052 bunc
1212 2004 1308 2052 etuni-

236 2088 313 2157 dem
336 2090 500 2180 Nepotem
523 2082 645 2153 Italum
670 2083 769 2152 fuisse
791 2085 969 2180 significat,
986 2089 1101 2182 pn'mis
1123 2088 1307 2160 versibus:

241 2192 330 2261 «Cui
342 2190 431 2259 dono
450 2189 611 2285 lepidum,
624 2214 749 2257 novum
765 2188 927 2278 libellum,
941 2193 1043 2261 Arida
1055 2193 1158 2262 niodo
1171 2196 1309 2288 pumice

236 2294 441 2392 expolitum?
462 2294 617 2382 Corneli,
636 2296 695 2363 tibi
715 2323 723 2364 :
744 2318 887 2390 namque
909 2311 946 2365 tu
967 2298 1097 2368 solebas
1117 2301 1211 2369 Meas
1233 2324 1309 2371 este

236 2399 358 2496 aliquid
378 2415 495 2496 putare
508 2423 615 2494 nugas
631 2403 706 2468 Jam
726 2416 815 2488 tum,
831 2426 933 2496 quum
952 2428 1051 2473 ausus
1069 2430 1120 2494 es,
1134 2428 1223 2475 unus
1242 2408 1309 2475 lta-

235 2509 366 2592 torum,
384 2509 494 2576 Omne
516 2528 622 2573 aevum
644 2507 749 2576 tribus
770 2506 934 2602 explicare
950 2510 1114 2580 chartis.»
1134 2511 1224 2580 Nam
1243 2534 1305 2581 ora

237 2612 365 2686 Gallica
382 2636 424 2682 ex
440 2613 574 2705 antiqua
594 2610 813 2705 descriptione
829 2613 871 2680 ab
887 2615 1024 2684 Ancona
1044 2617 1176 2684 initium
1194 2616 1307 2707 ducit,

237 2736 270 2791 et
287 2743 392 2814 usque
410 2717 451 2785 ad
467 2715 567 2811 Alpes
586 2718 786 2811 ponigitur3
801 2732 835 2786 et
852 2733 964 2788 tamen
981 2745 1070 2791 nunc
1091 2722 1202 2791 Italia
1222 2722 1305 2793 dici-

237 2842 310 2915 tur,
320 2825 495 2918 Italiaque
509 2821 588 2890 olim
604 2822 783 2892 dicebatur.
805 2826 921 2918 Itaque
941 2841 975 2894 et
992 2828 1048 2921 qui
1063 2842 1155 2897 trans
1173 2827 1306 2898 Padum

238 2955 342 3027 usque
363 2929 405 3000 ad
421 2928 646 3014 Rubiconem,
673 2942 707 2995 et
729 2928 785 3021 qui
803 2930 849 2998 cis
869 2930 995 2999 Padurn
1013 2933 1180 3026 usquead
1202 2932 1307 3030 Alpes

237 3038 442 3122 incolebant,
454 3035 552 3104 Galo·
558 3032 760 3104 dicebantur.
771 3032 833 3101 Illa
843 3036 929 3103 enim
943 3050 1014 3105 erat
1025 3039 1144 3107 Gatuu
1157 3055 1304 3134 togata,

238 3136 310 3215 bec
337 3139 592 3235 ttmupadana
609 3133 692 3230 (eas
715 3138 845 3234 appello
866 3155 904 3209 ut
928 3142 1030 3211 homo
1055 3142 1195 3233 Gallus,
1214 3159 1251 3214 et
1270 3147 1308 3215 in

238 3249 322 3318 urbe
343 3248 476 3315 Lutetia
493 3246 564 3314 haec
583 3244 745 3331 scribens,
767 3243 861 3314 aliter
877 3246 1117 3342 appellaturus,
1140 3251 1168 3318 si
1185 3251 1308 3321 Romae

240 3342 451 3435 scriberem).
474 3350 519 3415 Et
536 3372 668 3418 rursum
684 3350 782 3417 iidem
800 3353 931 3445 utn'que
951 3352 1026 3422 Itali
1046 3354 1263 3444 dicebantur,
1279 3357 1309 3426 si

240 3456 373 3554 quidem
393 3478 509 3524 verum
527 3468 593 3540 est,
608 3453 737 3522 ltaliam
751 3477 770 3520 a
783 3470 901 3524 natura
917 3457 1056 3554 Alpibus
1076 3460 1177 3529 fuisse
1194 3463 1310 3530 muni·

240 3579 328 3648 tarn,
342 3576 381 3630 ut
398 3575 465 3646 est,
485 3557 649 3653 Alpesque
667 3574 701 3628 et
719 3582 807 3630 nunc
825 3586 915 3650 esse,
936 3579 969 3632 et
990 3564 1068 3634 olim
1091 3565 1193 3635 luisse
1211 3590 1310 3636 com·

239 3692 357 3740 munes
376 3666 475 3735 ltaliae
487 3679 520 3732 et
534 3663 650 3734 Galliae
669 3666 835 3736 terminos.
858 3669 973 3739 Restat
991 3687 1148 3757 nunc,ut
1170 3688 1309 3742 senten·

237 3778 320 3847 tiam
335 3795 443 3841 meam
459 3771 604 3865 aperiam
614 3824 624 3858 ,
633 3771 824 3841 videaturne
838 3775 986 3845 AEmilius
998 3776 1144 3865 Probus,
1156 3801 1202 3846 an
1216 3781 1307 3849 Cor·

235 3881 344 3953 'nelius
362 3881 475 3973 Nepos
492 3876 611 3945 hurum
624 3876 767 3948 vitarum
786 3882 935 3976 scriptor.
952 3881 1096 3952 Difficile
1114 3884 1251 3978 quidem
1272 3897 1308 3952 et

240 3985 461 4084 periculosum
477 3981 639 4078 judicium
660 3999 710 4056 est
731 4012 740 4054 z
764 4001 1014 4077 verumtamen,
1042 4013 1147 4083 quum
1165 4005 1201 4062 et
1219 3989 1307 4061 mibi
