2706 4770
508 353 805 421 LYSANDER.
1146 354 1194 425 65

161 500 183 551 ut
201 485 304 554 Thasii
326 484 550 555 dilaberentur
559 470 583 571 ³,
603 483 876 578 consulerentque
898 485 997 553 rebus
1021 489 1097 554 suis.
1123 491 1195 556 lta-

155 578 285 683 iuml
1068 647 1079 667 ν

105 714 107 719 ·
190 698 246 764 ΙΙΙ.
262 696 529 765 Decernviralem
547 719 639 765 suam
656 704 853 791 potestatem
872 698 923 765 sui
935 697 976 765 ab
995 696 1050 766 illo
1070 704 1194 769 consti·

150 816 237 869 tutam
267 801 480 871 sustulerunt.
510 804 588 891 Quo
615 801 730 871 dolore
758 801 939 885 incensus¹,
961 805 1032 873 iniit
1061 805 1196 875 consilia

149 932 225 1001 reges
245 908 574 977 lacedemoniorum
596 906 728 996 tollere3
747 907 806 976 sed
826 908 1001 995 sentiebat,
1022 910 1056 977 id
1071 936 1106 980 se
1126 905 1196 982 sine

105 1030 107 1043 '
151 1016 362 1107 opeDeomm
379 1014 488 1082 facere
505 1039 572 1082 non
590 1038 703 1108 posse,
721 1013 810 1107 quod
824 1014 1065 1084 Lacedaemonii
1084 1020 1194 1086 omnia

153 1119 182 1187 sd
202 1118 336 1189 oracula
361 1120 486 1189 referre
505 1134 753 1189 consueverant.
780 1122 927 1188 Primum
951 1119 1099 1216 Delphos
1117 1148 1194 1193 cor-

157 1321 217 1384 ttu,
229 1322 361 1386 Thasios,
384 1333 525 1394 antequam
544 1335 644 1376 tantam
690 1322 833 1391 45,1,in
847 1321 963 1375 Milesios
976 1321 1115 1393 perfidiam
1124 1344 1195 1379 exer-

159 1399 349 1454 iabtbenienses
357 1399 437 1454 fidem
448 1402 643 1473 praestitissent,
688 1402 743 1453 cuit
756 1399 902 1472 Lysander.
912 1401 1022 1454 Thasios
1037 1403 1109 1455 enim
1125 1405 1195 1476 apud

160 1496 225 1531 uam
254 1480 403 1544 inimicos,
432 1479 644 1534 Lacedaem0nio·
687 1493 713 1532 et
727 1481 843 1533 Milesios
862 1481 1035 1552 confugerant
1050 1485 1198 1553 permulti,

160 1575 246 1630 nuque
261 1559 361 1612 amicos
381 1572 459 1631 atque
477 1560 561 1613 socios
579 1561 645 1613 exti-
686 1560 733 1629 qui
747 1560 949 1612 Atheniensium
969 1573 1055 1632 partes
1073 1561 1196 1617 adversus

161 1637 208 1690 isse.
221 1638 297 1691 Nunc
311 1639 643 1709 igitur‚quiaAthenien·
686 1637 814 1709 Lysandri
836 1639 1006 1709 tyrannidem
1028 1642 1134 1696 fuerant
1155 1661 1196 1696 se·

161 1714 208 1769 ian
219 1737 262 1771 eos
276 1719 376 1770 amiom
395 1717 485 1784 ridet,
498 1718 601 1791 hacque
615 1719 643 1771 in
686 1719 749 1770 cuti.
760 1717 824 1770 Vid.
838 1738 932 1790 supra,
943 1739 1000 1792 cap.
1015 1722 1113 1792 primo.

162 1795 248 1850 tu'rcitia
263 1816 452 1869 permansuros
468 1796 586 1867 judicat,
598 1817 642 1850 eos
726 1794 790 1850 Cae.
804 1797 852 1850 ΠΙ.
869 1817 892 1850 1.
908 1799 963 1866 Quo
976 1800 1057 1852 dolore
1072 1807 1190 1856 lneeusw.

161 1889 283 1942 metue
294 1877 371 1949 cupit
384 1875 530 1947 Lysander.
685 1877 769 1929 Aliam
796 1876 929 1930 Diodorus
955 1896 1084 1945 cauum,
1110 1883 1191 1936 elatos

186 1956 207 2008 l.
223 1955 403 2009 Dilelenetur.
412 1957 487 2009 Alius
499 1956 551 2009 alio
562 1976 590 2009 se
603 1975 642 2009 re·
685 1974 780 2027 nempe
795 1975 825 2008 ac
845 1959 945 2010 feroces
967 1970 1056 2010 namat
1075 1962 1191 2029 animos,

160 2032 241 2104 tillem.
685 2034 865 2105 qrrodbellum
873 2035 1192 2106 Peloponnesiacumcon·

186 2121 207 2176 l.
223 2116 347 2188 Itaque...
363 2114 444 2181 Quod
462 2113 535 2169 deest
553 2113 641 2187 exple·
685 2114 799 2178 lecisset,
810 2112 1066 2186 Lacedaemoniisque
1082 2116 1190 2172 Greciae

160 2208 177 2242 re
190 2194 242 2248 lioet
260 2215 292 2248 ex
311 2195 457 2265 Polyaeno,
475 2195 502 2259 1,
525 2195 578 2260 45,
602 2202 618 2258 4
633 2213 641 2248 t
684 2206 710 2245 et
720 2206 789 2246 terra
801 2205 828 2245 et
841 2195 907 2246 mari
919 2195 1096 2266 principatum
1110 2217 1190 2270 pepe.

159 2270 219 2344 ltaqoe
234 2272 355 2327 basidem
374 2275 512 2327 clementia
532 2292 562 2326 ac
579 2276 640 2326 reli·
684 2273 772 2335 risset,
783 2272 802 2323 l.
815 2272 927 2338 XIV,c.
944 2276 987 2328 13.
999 2276 1090 2328 Refert
1102 2290 1188 2331 autem

158 2351 360 2416 ponerelandam
373 2353 483 2406 censuit.
494 2354 558 2405 Erat
568 2353 639 2424 apud
684 2351 840 2404 Plutarchus
857 2353 885 2404 in
906 2353 976 2420 vita,
997 2355 1105 2422 XXIII,
1126 2359 1188 2429 quia

157 2427 241 2486 bein·
259 2432 391 2505 templum
414 2431 551 2497 Herculis,
566 2432 639 2504 quod
682 2449 710 2482 se
731 2431 763 2483 ab
781 2433 898 2503 Agesilao
916 2451 998 2503 rege,
1016 2434 1188 2490 intolerandae

105 2514 108 2575 i
154 2525 232 2565 uma
251 2513 304 2585 ipsi
333 2513 484 2565 maronia
509 2511 638 2564 colebant.
682 2513 739 2579 ejus
761 2512 890 2582 superbire
916 2511 1110 2566 contundendae
1130 2529 1186 2569 stu·

105 2638 107 2645 .
154 2584 300 2645 flemus
314 2588 579 2654 civibus,insidiosae
591 2591 640 2643 hu·
682 2587 779 2655 diosc,
802 2589 953 2662 despectum
981 2609 1011 2642 ac
1033 2590 1184 2662 depressum

152 2671 263 2724 unitatis
276 2670 429 2743 plenissima
453 2671 574 2724 oratione
592 2689 638 2723 ve·
680 2666 795 2722 vidisset.
815 2701 855 2713 -
871 2670 972 2721 Tollere.
984 2670 1126 2740 Abrogare.
1142 2674 1183 2725 Ad

150 2749 205 2802 uara
219 2749 343 2803 omnibus
359 2761 539 2803 anteactorum
559 2750 637 2820 polli-
680 2746 708 2800 id
722 2761 844 2816 tantum,
863 2746 982 2800 Diodoro
997 2759 1024 2800 et
1043 2749 1184 2804 Plutarcho

148 2829 449 2895 tetmwusternatione
471 2842 498 2881 et
517 2841 636 2901 tempore
681 2839 764 2893 teste,
791 2824 968 2894 intendebat,
994 2840 1046 2892 ut,
1067 2830 1182 2899 neglecta

146 2905 209 2960 facile
219 2909 351 2976 ammi,
364 2927 424 2979 que
438 2909 466 2960 in
481 2909 533 2960 isto
545 2927 635 2961 rerum
679 2907 779 2959 Proclis
787 2918 814 2959 et
828 2906 1002 2978 Eurysthenis
1018 2909 1182 2978 posteritate,

145 2987 240 3041 miralo
253 2985 430 3053 aecidiuent;
442 2987 524 3059 igitur
539 2989 635 3040 frustra
679 2986 720 3038 vel
734 2986 857 3037 omnibus
871 2985 1024 3055 Spartanis,
1044 2987 1087 3040 vel
1100 2987 1182 3042 Hera·

145 3065 411 3140 fiueqnemquam,
428 3079 473 3120 aut
489 3067 587 3133 latere3
599 3067 634 3118 si·
678 3063 883 3129 elidiatantum,
896 3083 910 3115 e
925 3064 1021 3135 quihus
1033 3065 1089 3136 ipse
1109 3081 1181 3123 ortus

145 3145 234 3215 miden
248 3148 354 3212 hocce,
366 3147 500 3214 teateDeo
514 3147 634 3217 ipsorum
678 3157 753 3208 erat,
766 3143 843 3214 regiae
868 3141 991 3213 dignitati
1010 3142 1096 3199 aditus
1112 3162 1182 3219 pare-

145 3227 231 3295 ptrio,
241 3239 270 3280 et
282 3227 313 3280 in
326 3225 448 3280 Herculis
458 3225 528 3277 atavi
540 3226 581 3277 sui
592 3243 635 3277 ur·
677 3236 725 3276 ret.
742 3253 783 3265 -
800 3222 909 3283 Tollere,
926 3241 975 3293 pro
995 3224 1106 3288 tollendi,
1120 3247 1181 3300 qua.

145 3301 634 3377 le,paollteretnr.'l’aliatamaccurata
677 3303 712 3354 lia
743 3301 838 3372 passim
862 3302 1030 3372 objiciuntur.
1053 3305 1112 3360 Tzs.
1140 3341 1181 3357 ..-

146 3382 293 3439 halatione
326 3385 470 3438 manti
504 3382 633 3437 creditum
676 3382 1086 3437 Laccdaemoaliomniaedoraeulo
1095 3391 1180 3455 referre

146 3476 183 3519 aa,
197 3464 435 3536 etprodieruntex
449 3464 571 3527 latebris,
587 3464 633 3535 qui
677 3473 848 3514 consueverant.
869 3462 929 3515 Non
943 3475 1046 3516 tantum
1060 3464 1179 3521 Laeedoe-
1253 3503 1257 3512 .

105 3546 108 3567 ²
148 3539 328 3598 ltbmiensium
345 3543 435 3599 studio
452 3543 572 3614 graviora
587 3561 633 3595 ex·
676 3539 1002 3606 monii,sed0mneslere
1013 3543 1121 3600 Graeciae
1131 3568 1179 3619 po·

105 3590 108 3649 l
149 3619 278 3677 mouent.
292 3625 368 3690 Quos
385 3623 446 3688 ille,
462 3636 522 3695 post
536 3640 633 3693 paucos
676 3621 742 3692 puli.
757 3622 853 3688 Referre
867 3634 954 3675 autem
967 3623 1077 3677 verbum
1092 3627 1179 3682 inhac

150 3694 204 3766 lies,
221 3704 290 3757 nihil
316 3703 429 3775 amplius
452 3704 632 3775 auspicantes,
675 3719 706 3753 re
726 3701 820 3770 saepius
847 3715 1020 3774 usurpatum:
1045 3730 1056 3751 ι
1073 3706 1124 3768 spei
1146 3707 1180 3761 dp,

151 3779 385 3855 ‘lutisqnepenitm
397 3800 514 3847 securos,
525 3779 633 3834 adortus
675 3780 754 3833 rebus
769 3781 887 3834 obscuris
900 3781 933 3834 ad
953 3783 1103 3855 Apollinem
1123 3805 1180 3839 cen-

153 3871 220 3914 u'attera
231 3862 372 3916 interfecit.
386 3861 519 3928 Similem,
533 3861 633 3913 Plutar·
676 3878 722 3917 seo
741 3859 918 3916 referendum.
937 3889 948 3910 ι
971 3863 1084 3928 Cicero,
1100 3864 1129 3927 1,
1147 3864 1179 3916 de

154 3933 201 4003 do,
211 3942 388 4013 Polymoque
399 3939 493 3995 eodem
508 3953 590 4004 teste,
603 3939 631 4006 l,
676 3939 852 3993 Divinatione.

978 4044 998 4114 5
