2768 5198
161 730 236 821 298
421 721 689 792 consensi
715 722 952 791 unionis

211 853 1216 949 Eudomsquidam,avonmnosuommtmponlm,qnm

159 947 375 1047 lathnmmss
393 987 505 1055 regem
523 961 745 1035 Alexandria
762 961 970 1055 profuga-et,
987 959 1132 1029 Arabico
1144 962 1216 1029 sinu

159 1093 326 1162 egressus,
357 1093 418 1161 per
442 1068 508 1136 lioe
531 1067 684 1162 pelagus,
709 1081 748 1135 nt
778 1069 892 1160 Nepos
915 1066 1079 1149 allinmt,
1107 1065 1216 1136 Gades

160 1199 265 1266 usque
286 1189 460 1266 pei-seems
480 1189 538 1242 est
558 1176 674 1257 Mela,
694 1178 774 1258 III,
796 1174 1026 1267 9,·P11·n.11,
1049 1170 1113 1266 67.

212 1279 434 1373 Paphlagonia
449 1282 584 1374 insign'u
597 1279 673 1347 looo
690 1282 838 1362 lleneto,
855 1302 874 1345 a
890 1303 974 1372 quo,
992 1292 1031 1345 ut
1043 1275 1217 1346 Cornelius

160 1386 275 1478 Nepos
292 1386 458 1479 perhibet,
478 1385 707 1479 Paphlagonas
725 1387 759 1452 iu
780 1384 910 1452 Italiam
928 1386 1127 1469 oausvoeti,
1143 1406 1217 1452 mox

162 1492 280 1558 Veneti
298 1505 375 1559 sunt
393 1494 562 1560 nominati.
581 1493 730 1574 Sabain,
751 1506 783 1556 e.
808 1495 876 1575 44,
888 1514 936 1558 eat
951 1491 1079 1575 ulmo,
1096 1493 1167 1574 Vl,
1183 1513 1215 1556 a.

217 1599 341 1665 Fauces
366 1600 492 1666 Ooeani
513 1601 551 1665 T.
576 1600 690 1665 livius
709 1621 750 1664 ae
771 1584 889 1690 Nepos
914 1593 1092 1664 Cornelius
1112 1594 1217 1663 lautu·

163 1701 248 1770 dinis
263 1703 489 1780 tradidenmt,
504 1704 562 1770 ubi
580 1705 772 1788 minimum,
790 1704 855 1769 VII
877 1704 925 1769 Μ.
940 1726 1042 1795 pass,
1063 1701 1121 1768 ubi
1142 1723 1217 1766 vem

164 1807 359 1901 plurimum,
380 1813 413 1877 X
436 1812 483 1877 Ill
507 1811 656 1893 Fuluus,
676 1813 753 1892 111,
772 1814 951 1902 prooemib.

215 1914 365 2010 Melpum
383 1915 550 2009 opulentia
566 1917 787 2008 praecipuum,
799 1913 889 2008 quod
904 1913 947 1981 ab
958 1912 1171 1997 Insubribus,
1187 1924 1218 1978 el

162 2022 269 2104 Boiis,
293 2036 327 2089 et
344 2021 529 2089 Senonibus
547 2020 693 2088 deletum
717 2045 788 2089 esse
815 2044 857 2088 oo
880 2019 949 2100 die,
971 2042 1040 2111 quo
1062 2015 1219 2086 Camillus

162 2129 262 2194 Veios
276 2112 430 2220 ceperit⁶‚
443 2128 556 2220 Nepos
574 2125 749 2196 Comelius
768 2125 877 2194 tradit
894 2126 1044 2207 Plinius,
1059 2123 1136 2192 eod.
1148 2121 1217 2191 libr.

163 2255 192 2299 c.
218 2255 230 2299 1
266 2248 380 2317 ,exte

218 2256 316 2405 Ultra
340 2337 522 2429 Aquileiam
541 2340 591 2406 VI
615 2339 663 2406 Μ.
682 2361 772 2432 pass,
791 2338 924 2404 Formio
943 2337 1066 2421 amnis,
1088 2335 1133 2404 ab
1153 2335 1220 2402 Ra·

165 2467 273 2510 venna
291 2446 502 2512 CLXXXIX
512 2446 560 2512 M.
580 2468 683 2539 pass,
701 2446 854 2535 antiquus
869 2456 974 2510 auctae
991 2439 1095 2508 ltalia
1110 2439 1222 2509 termi-

164 2572 244 2634 nus,
267 2573 355 2616 nunc
381 2574 460 2617 vero
486 2551 592 2619 Istriae
609 2575 617 2617 τ
636 2574 735 2644 quam
756 2549 1022 2643 cognominatam
1046 2570 1066 2615 a
1091 2547 1221 2616 flumine

166 2656 253 2720 Istro
279 2656 313 2720 in
334 2655 492 2723 Hadriam
515 2655 672 2723 effluente
693 2681 712 2724 e
736 2654 892 2723 Danubio
915 2677 1028 2739 amne,
1053 2652 1220 2746 eidemque

165 2761 252 2826 Istro
275 2783 316 2826 ex
334 2759 473 2828 adverso
493 2761 573 2829 Padi
590 2761 719 2848 falices,
738 2762 905 2829 contrario
926 2784 1041 2828 eorum
1066 2780 1221 2853 percussu

166 2866 248 2932 mari
277 2866 450 2959 interjecto
484 2858 726 2955 dulcescentess
748 2866 898 2962 plerique
925 2865 1036 2934 dixere
1064 2863 1169 2953 falso,
1191 2875 1221 2931 et

168 2973 281 3065 Nepos
301 2971 475 3043 Cornelius
493 2976 608 3059 etiam,
628 2974 707 3042 Padi
726 2972 847 3042 accola.
864 2975 952 3042 Plio.
975 2975 1051 3058 III,
1079 2971 1138 3042 18.

220 3080 316 3147 VIII.
333 3079 432 3173 Alpes
445 3081 478 3147 in
495 3080 731 3175 longitudinem
747 3083 780 3148 X
794 3081 841 3146 M.
863 3103 947 3172 pass.
966 3092 1082 3171 patere
1097 3101 1118 3144 a
1129 3099 1221 3171 supe-

169 3208 206 3251 ro
230 3187 311 3252 mari
328 3185 370 3252 ad
387 3187 547 3271 inferum,
564 3185 684 3255 Caelius
702 3185 818 3272 tradit;
833 3187 1044 3279 Timagenes,
1059 3186 1163 3252 XXII
1179 3182 1221 3250 Μ.

168 3314 252 3382 pass.
276 3289 447 3361 deductis:
471 3295 504 3360 in
526 3291 748 3379 latitudinem,
767 3290 939 3361 Cornelius
961 3291 1076 3384 Nepos
1096 3304 1222 3360 centum

168 3397 232 3481 M,
248 3398 284 3464 T.
305 3400 418 3467 Livius
433 3401 495 3467 tria
509 3401 556 3467 Μ.
573 3399 751 3468 stadiorum
761 3453 771 3486 ‚
783 3413 922 3491 uterque
940 3396 1077 3464 divemis
1092 3398 1126 3464 in
1142 3395 1224 3464 locis.

169 3502 258 3570 Plio.
282 3509 358 3589 III,
388 3529 443 3599 19.

222 3611 314 3678 Inter
336 3609 419 3679 duos
440 3615 626 3706 Bosporos,
644 3611 823 3680 Thracium
852 3623 885 3678 et
909 3609 1150 3693 Cimmerium,
1175 3604 1222 3674 di·

172 3807 223 3861 nisi
238 3807 309 3879 apud
321 3809 459 3880 Nepotem.
473 3837 484 3858 ·
502 3811 581 3864 Cliar.
596 3812 613 3864 Ι.
625 3830 648 3863 c.
721 3811 781 3863 Liv.
794 3811 831 3873 V,
842 3820 892 3870 ²13
909 3809 977 3860 Pliu.
992 3807 1129 3870 XXXIII,
1141 3826 1169 3876 7,
1179 3816 1222 3857 eu.

215 3887 241 3939 ⁵.
259 3889 399 3942 Laeliorum.
411 3890 575 3943 Ptolemeum
582 3891 681 3943 Lalhu-
762 3910 789 3960 7.
808 3889 971 3941 Dulcesomte.
986 3887 1029 3940 cf.
1041 3886 1171 3950 Melan,
1183 3888 1222 3949 ll.

172 3968 545 4037 rum.1psnmhoonomen,in
555 3971 678 4024 omuibus
722 3968 775 4022 sed
792 3980 846 4021 tota
862 3968 905 4020 illa
921 3965 956 4019 de
972 3966 1025 4019 hoe
1045 3965 1158 4019 effluvio
1170 3981 1223 4018 uu·

174 4046 250 4098 Mela
279 4047 367 4101 Montis
387 4050 458 4102 varie
486 4048 679 4116 deformatum,
722 4050 790 4102 ratio
800 4046 1223 4118 satisubuliis,ipsarehortaute‚

173 4124 309 4178 vindicant
317 4141 410 4182 nostro
417 4129 519 4181 Plinius
527 4168 535 4192 ,
543 4131 583 4194 ll,
591 4133 628 4198 67
638 4143 680 4194 ;et
722 4129 826 4201 explosa
840 4140 887 4180 est.
901 4128 961 4179 Tm.
974 4159 1016 4170 -
1026 4126 1065 4178 El
1074 4126 1160 4196 Nepos
1170 4123 1224 4178 Cor·

173 4205 267 4258 Strabo
277 4246 284 4272 ,
295 4207 389 4274 XVII,
398 4228 424 4280 p.
439 4209 510 4278 795,
521 4207 585 4262 edit.
598 4211 679 4263 Paris.
723 4211 798 4261 mlius
809 4213 889 4260 etium.
901 4207 984 4259 Uncis
996 4206 1123 4259 comeum
1137 4202 1225 4258 amul·

172 4285 322 4339 Temnum.
724 4291 757 4343 tis
777 4286 936 4350 includitur,
950 4304 1033 4358 quum
1048 4304 1064 4337 a
1081 4285 1159 4338 libris
1174 4281 1225 4355 qui·

214 4368 240 4418 6.
265 4366 338 4419 Veios
349 4370 445 4437 ceperit.
458 4372 493 4419 A.
502 4368 537 4422 U.
555 4368 622 4437 359.
638 4369 679 4422 Cl.
723 4367 851 4432 busdam,
861 4366 967 4422 chiflet.
983 4366 1145 4437 prasertim,
1157 4362 1227 4418 absit·
