2768 5198
1256 370 1262 379 .

167 770 219 868 96
429 772 706 839 CORNELII
732 771 969 840 NEPOTIS

167 937 233 1006 qua
254 925 419 1006 potestate
439 911 562 978 Pheras
580 912 686 1004 cepit,
704 907 868 978 coloniam
892 911 1238 984 lacedaemoniorum.

168 1021 244 1086 Fuit
268 1020 366 1087 etiam
388 1031 537 1085 extremo
563 1016 801 1110 Peloponnesio
828 1004 938 1084 bello⁴
961 1032 1106 1111 praetor,
1126 1044 1235 1113 quum

169 1124 258 1219 apud
280 1125 380 1217 AEgos
398 1123 522 1215 flumen
536 1125 640 1216 copiae
656 1122 905 1190 Atheniensium
930 1146 949 1189 a
971 1124 1145 1216 Lysandro
1155 1141 1236 1195 sunt

168 1230 315 1298 devictae.
339 1229 404 1298 Sed
429 1244 500 1296 tum
525 1228 631 1296 abfuit
645 1213 669 1312 ⁵,
688 1252 794 1322 eoque
813 1228 909 1321 pejus
930 1253 982 1297 res
1003 1229 1236 1300 administrata

166 1350 226 1405 est.
241 1337 329 1403 Nam
348 1350 381 1403 et
395 1335 540 1429 pruderts
552 1334 601 1401 rei
619 1332 783 1420 militaris,
799 1349 833 1401 et
844 1332 983 1428 diligens
999 1348 1072 1403 erat
1092 1338 1234 1431 imperii.

165 1442 283 1535 ltaque
304 1442 427 1509 nemini
447 1455 519 1508 erat
536 1441 589 1508 his
608 1440 814 1533 temporibus
833 1439 990 1523 dubium,
1009 1443 1037 1510 si
1056 1441 1235 1531 affuisset,

166 1546 254 1616 illam
277 1548 493 1615 Athenienses
513 1545 733 1614 calamitatem
756 1560 950 1640 accepturos
970 1572 1039 1615 non
1057 1547 1167 1616 fuisse.

218 1656 262 1722 Π.
286 1654 399 1722 Rebus
417 1668 527 1720 autem
550 1650 696 1720 afflictis¹
718 1676 821 1746 quum
844 1653 984 1745 patriam
1002 1653 1145 1721 obsideri
1168 1679 1233 1722 au-

166 1758 284 1845 disset,
300 1785 368 1828 non
385 1760 551 1854 quaesivit,
564 1758 619 1826 ubi
634 1761 703 1852 ipse
716 1771 790 1825 tuto
805 1759 949 1837 viveret,
965 1757 1022 1826 sed
1038 1760 1127 1828 unde
1143 1785 1233 1853 prae-

165 1865 248 1934 sidio
264 1881 376 1959 posset
393 1891 465 1934 esse
478 1864 605 1933 civibus
623 1866 700 1932 suis.
719 1866 836 1957 Itaque
857 1862 997 1931 contulit
1015 1889 1049 1933 se
1071 1865 1113 1933 ad
1128 1866 1233 1935 Phar·

165 1971 354 2059 nabazum²,
362 1986 526 2064 satrapem
538 1972 642 2039 Ioniae
650 1984 685 2038 et
694 1969 821 2062 Lydiae,
833 1968 1052 2064 eumdemque
1069 1996 1231 2067 generum

166 2080 252 2173 regis
272 2092 307 2144 et
332 2080 556 2171 propinquum
573 2077 688 2171 :apud
708 2101 808 2170 quem
826 2090 863 2144 ut
885 2073 1026 2144 multum
1045 2079 1152 2170 gratia
1171 2102 1230 2146 va·

165 2182 267 2268 leret,
285 2182 390 2251 multo
403 2182 516 2250 labore
532 2181 708 2276 multisque
721 2181 834 2251 effecit
847 2179 1012 2275 periculis.
1024 2185 1112 2251 Nam
1124 2208 1230 2278 quum

164 2288 429 2373 lacedaemonii,
453 2288 708 2357 Atheniensibus
734 2288 894 2374 devictis,
919 2290 952 2356 in
975 2291 1133 2357 societate
1161 2316 1231 2359 non

164 2409 337 2463 manerent
345 2380 368 2481 ³,
385 2419 486 2489 quam
500 2420 577 2463 cum
597 2396 777 2462 Artaxerxe
794 2394 959 2479 fecerant,
974 2394 1230 2491 Agesilaumque

163 2499 320 2570 bellatum
348 2503 511 2570 misissent
531 2502 565 2569 in
587 2502 699 2570 Asiam
717 2527 727 2587 3
753 2502 896 2568 maxime
919 2498 1050 2594 impulsi
1072 2524 1093 2567 a
1114 2504 1229 2571 Tissa-

166 2710 262 2762 insulas
285 2729 300 2761 a
319 2707 538 2773 lacedaemoniis,
551 2722 581 2760 ut
605 2709 674 2761 infra
718 2708 780 2760 Non
793 2708 896 2771 statim3
911 2710 986 2778 prius
1001 2709 1087 2773 enim,
1101 2720 1226 2781 utsupra

165 2788 312 2853 videbitur,
324 2789 427 2840 avertit.
717 2786 976 2857 diximus‚Cyprum
988 2787 1021 2838 ad
1031 2788 1226 2857 Evagoramre·

205 2876 232 2932 4.
246 2870 363 2920 Ertremo
373 2868 546 2938 Peloponnesii>
558 2867 628 2919 bello.
641 2867 674 2921 ld
716 2885 775 2936 gem
788 2867 906 2936 aufugit3
916 2868 961 2918 ubi
975 2886 1058 2937 quum
1073 2865 1121 2919 din
1133 2868 1226 2922 latuis-

165 2961 217 3014 est,
229 2960 348 3001 extremo
359 2948 468 3018 hujusce
479 2947 543 2999 belli
553 2965 673 2999 annu-
716 2960 765 3009 set,
771 2959 828 2998 tum
835 2944 943 2999 demum
951 2946 1151 3000 Pharnabazum
1159 2946 1226 3002 adiit

166 3029 243 3100 Apud
256 3028 347 3097 AEgos.
359 3026 430 3079 Vide
442 3027 471 3079 in
484 3024 637 3098 Lysandro,
649 3028 671 3080 1.
715 3027 757 3078 rel
769 3025 837 3097 ipse,
847 3026 888 3078 rel
904 3025 990 3078 missis
1004 3026 1113 3090 litteris,
1126 3029 1168 3079 nti
1182 3046 1226 3080 re·

206 3105 670 3178 5.Sedtumabfait.Xenopbon.llist.
715 3104 1224 3171 fertPlutarebus,inArtaxerxe,XX1.

164 3186 672 3258 gr.11,etPlutarcbus,inAleib.,Co·
715 3184 1225 3253 -GeaemnregisArtaxerxisscilioet

162 3286 262 3320 nonem
274 3265 383 3319 tradunt
401 3267 492 3339 prelio
507 3267 673 3334 interfuisse,
714 3264 880 3327 Mnemonis,
899 3267 974 3335 cujus
993 3266 1121 3334 Apamam
1141 3266 1225 3319 filiam

163 3365 325 3418 suorumque
335 3344 410 3399 clade
420 3359 555 3417 perspecta
567 3342 577 3408 (
588 3364 671 3416 quum
714 3342 835 3397 duxerat.
850 3344 1006 3397 Plutarchus
1024 3344 1051 3395 in
1068 3346 1224 3400 Artaxerxe.

162 3426 270 3479 vidisset
277 3426 478 3479 Atheniensium
485 3426 672 3498 eopias‚colle·
713 3425 849 3478 -Grao‘a
869 3424 969 3475 valeret.
986 3421 1019 3475 Id
1038 3436 1091 3489 est,
1110 3437 1141 3477 ut
1161 3444 1224 3478 eum

161 3525 254 3576 garum
278 3507 380 3558 incuria
399 3507 527 3559 militibus
550 3504 670 3577 dilapsis,
713 3504 871 3556 benevolum
885 3501 1030 3572 adjutorem
1043 3502 1162 3556 haberet.

161 3604 217 3637 esse
238 3584 388 3652 devictas),
407 3605 469 3639 cum
490 3605 536 3639 sua
562 3586 671 3656 aliisque
755 3584 781 3635 3.
796 3585 826 3636 In
838 3588 1005 3634 societatemn
1021 3596 1149 3635 manerent.
1165 3584 1224 3638 Dis·

161 3678 262 3736 septem
283 3666 393 3718 navibus
411 3666 497 3719 milite
516 3666 669 3736 eompletis,
712 3676 801 3733 crepat
817 3683 831 3714 a
847 3658 1025 3732 Xenophonte
1037 3674 1063 3713 et
1077 3663 1222 3717 Plutarcho

161 3756 188 3795 et
202 3744 314 3809 Paralo,
330 3763 396 3796 nave
411 3744 533 3815 publica,
549 3746 670 3816 Cyprum
712 3754 809 3794 noster.
821 3742 864 3794 llli
878 3742 948 3794 enim
956 3753 1065 3793 narrant
1071 3742 1221 3812 Agesilaum

161 3820 195 3874 ad
210 3824 356 3893 Eragoram
371 3843 459 3894 regem
476 3824 613 3894 aufugisse.
712 3819 977 3873 aLacedaemoniisin
990 3822 1078 3872 Asiam
1092 3840 1148 3873 esse
1157 3823 1221 3875 mis·

202 3902 267 3955 Cae,
279 3903 316 3954 11.
338 3922 362 3954 1.
378 3904 457 3954 flebas
469 3916 546 3954 antem
561 3904 666 3973 alflicus
712 3920 770 3952 sum
779 3921 826 3966 ,eo
842 3899 914 3972 quod
929 3901 1074 3954 exereitum
1088 3914 1114 3952 et
1127 3902 1222 3955 classes

161 3981 242 4046 Nam,
258 3994 288 4034 ut
301 3982 431 4038 lustinus,
443 3983 486 4048 V,
500 3984 532 4048 8,
542 3981 668 4034 «Deflete
711 3979 836 4033 adversus
845 3982 951 4033 Grecos
965 3980 999 4032 ab
1015 3983 1157 4032 Artaxerxe
1172 4000 1220 4052 pa·

161 4079 191 4113 ac
201 4079 284 4131 prope
304 4059 414 4132 perditae
430 4062 490 4114 urbi
505 4058 667 4123 hostes(La-
711 4062 764 4112 rari
782 4059 934 4113 audiissent.
956 4059 1017 4111 Non
1039 4060 1120 4130 igitur
1140 4061 1221 4113 Laee-

159 4138 667 4210 cedaemunii)superveniunt,et,obsi·
711 4138 848 4205 daemonii,
863 4140 948 4192 Persas
963 4153 1050 4191 autem
1065 4158 1079 4191 a
1095 4140 1220 4193 societate

159 4219 241 4273 dione
265 4218 442 4284 circumdata,
462 4222 578 4272 obsessos
600 4221 668 4273 fame
711 4218 1015 4273 deficiebant.Lambiuo
1025 4238 1054 4270 ea
1065 4217 1172 4271 videtur
1180 4221 1221 4272 in·

160 4313 262 4371 urgent.
274 4326 284 4346 ι
297 4300 337 4353 Cf.
352 4311 471 4351 nostrum
481 4300 508 4350 in
520 4299 666 4370 Lysandro.
710 4298 850 4370 telligenda
865 4300 986 4360 societas,
1003 4317 1081 4369 quam
1095 4298 1221 4352 Laceda-

203 4399 227 4433 a.
246 4379 355 4433 Contulit
374 4400 398 4431 se
422 4380 456 4430 ad
473 4380 665 4433 Pharnabazum.
711 4380 793 4431 monii
814 4398 875 4431 cum
895 4379 976 4431 Dario
994 4377 1125 4442 secundo,
1140 4379 1221 4450 hujus
