2706 4770
149 346 225 430 244
419 340 686 411 couuann
713 337 940 409 unro'rrs

147 482 320 551 robustum
329 466 353 566 ³,
372 479 568 550 conciliabat
585 495 712 549 ceteros
727 505 838 574 reges,
859 479 1126 575 adjungebatque
1148 481 1207 551 bel·

146 586 264 657 licosas
284 587 442 655 nationes.
463 586 651 655 Dissidebat
676 585 718 654 ab
744 611 784 654 eo
807 588 1030 680 Pergamenus
1054 612 1114 656 rex
1138 592 1206 657 Eu-

147 718 260 762 menes
268 678 291 778 ⁴,
309 694 468 761 Romanis
485 694 717 776 amicissimus,
729 690 917 786 bellumque
935 694 1022 761 inter
1042 718 1100 763 eos
1118 719 1206 789 gerc-

148 798 246 867 batur
259 811 292 866 et
305 799 388 865 mari
403 812 436 865 ct
452 811 540 865 terra
559 824 565 864 :
630 824 651 866 o
665 799 768 891 magis
782 797 935 892 cupiebat
950 823 1026 866 eum
1043 799 1208 868 Hannibal

148 905 300 999 opprimi.
330 901 395 971 Sed
413 904 589 997 utrobique
631 905 796 972 Eumenes
819 902 892 997 plus
919 903 1050 972 valebat
1072 921 1209 1000 propter

148 1011 377 1077 Romanorum
405 1011 626 1077 societatem:
651 1033 748 1102 quern
776 1011 802 1077 si
825 1012 1034 1094 removisset,
1063 1009 1209 1080 faciliora

149 1115 210 1184 sibi
231 1127 341 1201 cetera
363 1114 434 1183 fore
454 1114 684 1193 arbitrabatur.
702 1113 753 1182 Ad
775 1115 864 1182 hunc
883 1116 1149 1185 interficiendum
1168 1133 1209 1185 ta-

149 1219 214 1288 lem
235 1221 307 1287 iniit
327 1221 497 1288 rationem.
518 1219 631 1288 Classe
652 1222 767 1313 paucis
785 1219 899 1288 diebus
914 1235 1008 1289 erant
1022 1220 1207 1290 decreturi:

150 1326 368 1420 superabatur
387 1327 520 1393 navium
535 1324 744 1394 multitudine
759 1351 766 1392 :
782 1325 859 1394 dolo
875 1312 958 1395 erat⁶
976 1329 1210 1421 pugnandum,

150 1456 255 1526 quum
273 1456 333 1525 par
353 1456 421 1498 non
438 1445 523 1499 esset
540 1433 649 1499 armis.
668 1433 850 1526 Imperavit
867 1455 966 1525 quam
981 1432 1143 1526 plurimas
1158 1460 1209 1503 vc·

151 1551 288 1606 nenatas
302 1551 469 1631 serpentes
483 1539 575 1605 vivas
588 1534 716 1630 colligi,
728 1561 847 1631 easque
863 1539 897 1604 in
913 1561 990 1606 vasa
1007 1538 1123 1608 fictilia
1136 1566 1211 1609 eon·

148 1645 213 1737 jici.
231 1647 358 1710 Harum
372 1667 474 1735 quum
491 1641 704 1711 confecisset⁷
721 1667 874 1737 magnam
886 1642 1151 1733 multitudinem,
1163 1646 1213 1714 die

152 1752 241 1843 ipso,
261 1773 327 1841 quo
350 1746 496 1817 facturus
516 1762 586 1815 erat
606 1747 722 1816 navale
742 1747 911 1842 praelium,
931 1748 1117 1819 classiarios
1137 1777 1212 1820 con·

153 1868 282 1937 vocat,
312 1852 428 1946 hisque
451 1855 627 1947 precipit,
655 1878 769 1923 omnes
793 1869 831 1923 ut
857 1856 891 1921 in
922 1879 1021 1922 unam
1058 1859 1214 1927 Eumenis

154 1961 241 2053 regis
264 1973 466 2027 concurrant
486 1983 623 2045 navem,
642 1983 661 2026 a
684 1961 800 2028 ceteris
825 1974 954 2028 tantum
975 1963 1054 2030 satis
1072 1963 1215 2033 habeant

155 2090 190 2135 se
209 2064 386 2133 defendere
399 2091 409 2152 ;
421 2063 453 2132 id
467 2063 562 2133 facile
576 2063 648 2132 illos
660 2067 860 2159 serpentium
875 2064 1088 2135 multitudine
1103 2095 1213 2139 couse-

156 2185 301 2239 cuturos.
320 2172 392 2237 Rex
411 2185 519 2238 autem
539 2172 572 2237 in
588 2195 652 2265 qua
668 2195 753 2239 nave
767 2171 962 2258 veheretur,
975 2186 1012 2239 ut
1031 2176 1171 2260 scireut,
1183 2200 1214 2244 se

157 2276 321 2344 facturum
337 2299 451 2367 :quern
476 2277 502 2343 si
521 2290 578 2343 aut
596 2279 778 2370 cepissent,
793 2291 850 2345 aut
868 2277 1133 2370 interfecissent,
1150 2306 1213 2349 ma-

157 2406 223 2477 gno
243 2381 293 2449 his
310 2378 485 2474 pollicetur
503 2383 639 2475 praemio
654 2382 734 2450 fore.

211 2490 271 2556 XI.
292 2483 364 2553 Tali
384 2485 611 2555 cohortatione
624 2486 761 2556 militurn
776 2488 883 2573 facta,
897 2487 1008 2560 classis
1020 2491 1063 2559 ab
1073 2496 1217 2588 utrisque

160 2598 192 2663 in
221 2591 370 2688 praelium
390 2591 573 2661 deducitur.
601 2592 770 2681 Quarum¹
796 2595 867 2662 acie
892 2598 1090 2684 constituta,
1114 2603 1215 2695 prius·

159 2725 259 2795 quam
278 2700 406 2792 signum
420 2723 539 2792 pugnae
550 2698 703 2783 daretur,
723 2698 887 2767 Hannibal
898 2754 907 2786 ,
918 2715 956 2768 ut
970 2701 1080 2795 palam
1100 2704 1217 2775 faceret

162 2809 245 2889 suis,
262 2830 328 2899 quo
345 2803 418 2872 loco
431 2801 596 2873 Eumenes
613 2819 714 2891 esset,
729 2803 935 2874 tabellarium
950 2808 983 2874 iu
1003 2809 1129 2903 scapha
1147 2837 1217 2882 cunt

203 3020 230 3072 3.
248 3019 388 3070 mnatre
396 3016 464 3070 rebus
481 3017 557 3067 minus
567 3036 616 3066 esse
627 3034 668 3066 ru·
712 3014 852 3087 Baliumque
867 3019 977 3069 intereos
983 3019 1124 3086 gerebatur.
1143 3020 1216 3088 Quod

163 3097 263 3149 bustum
273 3096 384 3148 Viribus
398 3095 496 3148 seilicet
508 3095 625 3167 propriis
642 3107 669 3147 et
712 3095 845 3165 attingunt
856 3095 992 3162 Iustinus,
1006 3100 1131 3169 XXXII,
1147 3109 1180 3168 ⁴3
1195 3114 1217 3154 et

163 3176 293 3229 intestinis
311 3193 365 3226 non
385 3175 447 3228 eatis
472 3176 560 3228 valere
575 3173 668 3228 adver·
711 3173 820 3237 Livius,
831 3175 965 3240 XXXIX,
980 3182 1027 3239 46.

163 3273 208 3306 eue
222 3255 363 3306 Romanos.
752 3253 778 3305 5.
802 3252 940 3322 Utrobique.
956 3255 991 3308 Et
1005 3258 1073 3310 mari
1089 3271 1117 3312 et
1130 3264 1203 3312 terra}

204 3339 232 3396 4.
244 3334 404 3400 Pergamenus
414 3333 467 3383 Iler
474 3333 600 3385 Eumenes.
612 3332 668 3385 Cu·
752 3335 779 3385 6.
790 3332 856 3384 Doto
864 3336 1151 3403 erutpugnandrrm‚etc.
1162 3338 1213 3390 flor

162 3413 204 3480 jus
225 3411 295 3462 Illius
311 3411 413 3463 Attalus
427 3413 556 3483 populum
572 3413 668 3463 Roma·
711 3424 889 3464 commentum
901 3413 1124 3483 Frontinus‚IV,
1134 3436 1164 3487 7,
1174 3434 1211 3480 ¹03

163 3507 229 3540 num
248 3490 323 3557 regni
344 3490 385 3542 sui
404 3487 530 3542 heredem
545 3490 667 3542 instituit.
712 3503 738 3543 et
752 3490 886 3556 Iustinus,
906 3492 1034 3552 XXXII,
1062 3503 1099 3565 4,
1116 3497 1211 3550 breviat

163 3566 229 3620 vid.
243 3566 368 3630 Florum,
385 3569 426 3632 11,
441 3588 486 3622 ao.
503 3599 542 3610 -
556 3569 669 3620 Romanis
712 3583 828 3622 nument.

162 3649 324 3698 amicusimus.
349 3645 427 3698 Hune
455 3647 614 3717 φιλορώμαιον
640 3647 668 3699 in
752 3668 778 3719 7.
802 3648 953 3715 Conficitur.
971 3652 1163 3725 comparasset.
1180 3683 1205 3695 -

164 3725 264 3779 Catone
273 3726 385 3794 majore,
396 3742 453 3793 cap.
465 3725 549 3787 VIII,
565 3724 668 3778 Plutar·
716 3728 819 3780 Tantum
830 3733 897 3782 satis.
912 3731 1029 3783 Tantum
1046 3735 1134 3786 omitti
1146 3745 1206 3804 pore·

161 3805 227 3858 ebus
238 3816 322 3856 vocat.
350 3802 439 3854 -Asioe
457 3821 503 3855 rex
524 3804 667 3870 Eumenes,
711 3819 760 3859 ret
767 3805 818 3859 Sed
828 3821 854 3861 et
861 3808 1006 3874 inuicem,
1015 3809 1050 3864 de
1058 3813 1079 3864 F
1080 3813 1144 3866 inib.
1155 3814 1167 3864 l
1171 3829 1204 3878 ‚91

162 3883 354 3936 amantissimus
370 3893 465 3934 nostre
484 3882 587 3935 urbis.»
605 3884 667 3937 Vel.
711 3886 879 3957 improbante
893 3887 955 3941 licet
969 3890 1102 3943 Ernestio.

154 3964 232 4016 'Mam
243 3964 288 4027 11,
306 3982 331 4015 a,
342 3959 418 4014 Adde
430 3960 550 4025 Florum,
561 3962 580 4015 l.
594 3981 617 4016 e.
628 3994 668 4004 -
753 3964 816 4018 Car.
831 3967 879 4018 xl.
911 3985 936 4020 1.
957 3968 1076 4038 Quanam.
1091 3970 1199 4026 mamm
