<?xml version="1.0" encoding="UTF-8"?>
<!DOCTYPE html PUBLIC "-//W3C//DTD XHTML 1.0 Transitional//EN"
    "http://www.w3.org/TR/xhtml1/DTD/xhtml1-transitional.dtd">
<html xmlns="http://www.w3.org/1999/xhtml" xml:lang="en" lang="en">
 <head>
  <title>
</title>
<meta http-equiv="Content-Type" content="text/html;charset=utf-8" />
  <meta name='ocr-system' content='tesseract 3.04.00' />
  <meta name='ocr-capabilities' content='ocr_page ocr_carea ocr_par ocr_line ocrx_word'/>
</head>
<body>
  <div class='ocr_page' id='page_1' title='image "./corneliusnepos02nepogoog_0020.png"; bbox 0 0 2706 4770; ppageno 0'>
   <div class='ocr_carea' id='block_1_1' title="bbox 274 348 1111 450">
    <p class='ocr_par' dir='ltr' id='par_1_1' title="bbox 274 348 1111 450">
     <span class='ocr_line' id='line_1_1' title="bbox 274 348 1111 450; baseline 0.007 -15"><span class='ocrx_word' id='word_1_1' title='bbox 274 368 341 443; x_wconf 80' lang='lat' dir='ltr'><strong>ne</strong></span> <span class='ocrx_word' id='word_1_2' title='bbox 367 368 653 436; x_wconf 71' lang='lat' dir='ltr'><strong>consumo</strong></span> <span class='ocrx_word' id='word_1_3' title='bbox 680 348 901 450; x_wconf 70' lang='lat' dir='ltr'><strong>uapore.</strong></span> <span class='ocrx_word' id='word_1_4' title='bbox 1056 398 1111 442; x_wconf 65' lang='lat'><strong>..1</strong></span> 
     </span>
    </p>
   </div>
   <div class='ocr_carea' id='block_1_2' title="bbox 58 496 1205 2382">
    <p class='ocr_par' dir='ltr' id='par_1_2' title="bbox 58 496 1205 2382">
     <span class='ocr_line' id='line_1_2' title="bbox 62 496 1111 595; baseline 0.009 -33"><span class='ocrx_word' id='word_1_5' title='bbox 62 523 133 566; x_wconf 82' lang='lat' dir='ltr'><strong>vero</strong></span> <span class='ocrx_word' id='word_1_6' title='bbox 147 520 247 564; x_wconf 87' lang='lat' dir='ltr'><strong>sensu</strong></span> <span class='ocrx_word' id='word_1_7' title='bbox 259 497 427 566; x_wconf 86' lang='lat' dir='ltr'><strong>aberrasse</strong></span> <span class='ocrx_word' id='word_1_8' title='bbox 441 513 532 567; x_wconf 85' lang='lat' dir='ltr'><strong>notat</strong></span> <span class='ocrx_word' id='word_1_9' title='bbox 545 496 761 568; x_wconf 90' lang='lat' dir='ltr'><strong>Colomesius²</strong></span> <span class='ocrx_word' id='word_1_10' title='bbox 775 499 816 568; x_wconf 92' lang='lat' dir='ltr'><strong>ad</strong></span> <span class='ocrx_word' id='word_1_11' title='bbox 829 499 961 594; x_wconf 88' lang='lat' dir='ltr'><strong>Gyrald.</strong></span> <span class='ocrx_word' id='word_1_12' title='bbox 973 525 1004 595; x_wconf 89' lang='lat' dir='ltr'><strong>p.</strong></span> <span class='ocrx_word' id='word_1_13' title='bbox 1020 525 1111 590; x_wconf 75' lang='lat'><strong>2023</strong></span> 
     </span>
     <span class='ocr_line' id='line_1_3' title="bbox 61 601 1110 698; baseline 0.006 -28"><span class='ocrx_word' id='word_1_14' title='bbox 61 604 95 670; x_wconf 79' lang='lat' dir='ltr'><strong>ab</strong></span> <span class='ocrx_word' id='word_1_15' title='bbox 107 606 182 670; x_wconf 78' lang='lat' dir='ltr'><strong>Ant</strong></span> <span class='ocrx_word' id='word_1_16' title='bbox 200 601 231 669; x_wconf 95' lang='lat' dir='ltr'><strong>le</strong></span> <span class='ocrx_word' id='word_1_17' title='bbox 250 605 356 688; x_wconf 85' lang='lat' dir='ltr'><strong>Gras,</strong></span> <span class='ocrx_word' id='word_1_18' title='bbox 371 605 473 671; x_wconf 90' lang='lat' dir='ltr'><strong>Paris.</strong></span> <span class='ocrx_word' id='word_1_19' title='bbox 495 627 608 698; x_wconf 83' lang='lat'><strong>1729,</strong></span> <span class='ocrx_word' id='word_1_20' title='bbox 628 628 684 689; x_wconf 79' lang='lat' dir='ltr'><strong>ra,</strong></span> <span class='ocrx_word' id='word_1_21' title='bbox 698 629 771 697; x_wconf 82' lang='lat' dir='ltr'><strong>quae</strong></span> <span class='ocrx_word' id='word_1_22' title='bbox 788 629 903 698; x_wconf 88' lang='lat' dir='ltr'><strong>parum</strong></span> <span class='ocrx_word' id='word_1_23' title='bbox 923 605 1026 676; x_wconf 86' lang='lat' dir='ltr'><strong>fidelis</strong></span> <span class='ocrx_word' id='word_1_24' title='bbox 1039 631 1110 676; x_wconf 86' lang='lat' dir='ltr'><strong>esse</strong></span> 
     </span>
     <span class='ocr_line' id='line_1_4' title="bbox 59 707 1107 801; baseline 0.008 -27"><span class='ocrx_word' id='word_1_25' title='bbox 59 708 216 799; x_wconf 80' lang='lat' dir='ltr'><strong>judicatur</strong></span> <span class='ocrx_word' id='word_1_26' title='bbox 240 708 285 775; x_wconf 93' lang='lat' dir='ltr'><strong>ab</strong></span> <span class='ocrx_word' id='word_1_27' title='bbox 305 711 382 801; x_wconf 90' lang='lat' dir='ltr'><strong>ipsis</strong></span> <span class='ocrx_word' id='word_1_28' title='bbox 405 707 516 777; x_wconf 87' lang='lat' dir='ltr'><strong>Gallis.</strong></span> <span class='ocrx_word' id='word_1_29' title='bbox 545 712 655 777; x_wconf 85' lang='lat' dir='ltr'><strong>Vitam</strong></span> <span class='ocrx_word' id='word_1_30' title='bbox 682 712 781 778; x_wconf 79' lang='lat' dir='ltr'><strong>Attici</strong></span> <span class='ocrx_word' id='word_1_31' title='bbox 801 713 899 779; x_wconf 87' lang='lat' dir='ltr'><strong>vertit</strong></span> <span class='ocrx_word' id='word_1_32' title='bbox 920 714 970 780; x_wconf 74' lang='lat' dir='ltr'><strong>lo.</strong></span> <span class='ocrx_word' id='word_1_33' title='bbox 993 716 1107 782; x_wconf 90' lang='lat' dir='ltr'><strong>Franc.</strong></span> 
     </span>
     <span class='ocr_line' id='line_1_5' title="bbox 61 812 1111 907; baseline 0.007 -27"><span class='ocrx_word' id='word_1_34' title='bbox 61 816 222 881; x_wconf 86' lang='lat' dir='ltr'><strong>Sarasinus</strong></span> <span class='ocrx_word' id='word_1_35' title='bbox 245 815 281 879; x_wconf 90' lang='lat' dir='ltr'><strong>in</strong></span> <span class='ocrx_word' id='word_1_36' title='bbox 299 812 494 907; x_wconf 90' lang='lat' dir='ltr'><strong>Opusculis,</strong></span> <span class='ocrx_word' id='word_1_37' title='bbox 515 815 626 901; x_wconf 89' lang='lat' dir='ltr'><strong>Paris,</strong></span> <span class='ocrx_word' id='word_1_38' title='bbox 650 812 763 901; x_wconf 82' lang='lat'><strong>1685,</strong></span> <span class='ocrx_word' id='word_1_39' title='bbox 781 841 800 884; x_wconf 78' lang='lat' dir='ltr'><strong>a</strong></span> <span class='ocrx_word' id='word_1_40' title='bbox 815 815 881 884; x_wconf 92' lang='lat' dir='ltr'><strong>vol.</strong></span> <span class='ocrx_word' id='word_1_41' title='bbox 902 840 955 886; x_wconf 77' lang='lat'><strong>12.</strong></span> <span class='ocrx_word' id='word_1_42' title='bbox 982 820 1043 886; x_wconf 91' lang='lat' dir='ltr'><strong>Hic</strong></span> <span class='ocrx_word' id='word_1_43' title='bbox 1061 833 1111 887; x_wconf 87' lang='lat' dir='ltr'><strong>est</strong></span> 
     </span>
     <span class='ocr_line' id='line_1_6' title="bbox 62 918 1109 1016; baseline 0.007 -31"><span class='ocrx_word' id='word_1_44' title='bbox 62 920 239 1003; x_wconf 76' lang='lat' dir='ltr'><strong>Sansinus,</strong></span> <span class='ocrx_word' id='word_1_45' title='bbox 255 921 313 1010; x_wconf 87' lang='lat' dir='ltr'><strong>qui</strong></span> <span class='ocrx_word' id='word_1_46' title='bbox 334 919 394 986; x_wconf 92' lang='lat' dir='ltr'><strong>sub</strong></span> <span class='ocrx_word' id='word_1_47' title='bbox 412 920 512 987; x_wconf 82' lang='lat' dir='ltr'><strong>Attici</strong></span> <span class='ocrx_word' id='word_1_48' title='bbox 529 918 663 987; x_wconf 90' lang='lat' dir='ltr'><strong>secundi</strong></span> <span class='ocrx_word' id='word_1_49' title='bbox 684 922 815 988; x_wconf 89' lang='lat' dir='ltr'><strong>nomine</strong></span> <span class='ocrx_word' id='word_1_50' title='bbox 834 923 964 1016; x_wconf 84' lang='lat' dir='ltr'><strong>scripsit</strong></span> <span class='ocrx_word' id='word_1_51' title='bbox 984 922 1109 992; x_wconf 87' lang='lat' dir='ltr'><strong>bellum</strong></span> 
     </span>
     <span class='ocr_line' id='line_1_7' title="bbox 59 1025 1109 1122; baseline 0.008 -33"><span class='ocrx_word' id='word_1_52' title='bbox 59 1026 281 1116; x_wconf 63' lang='lat' dir='ltr'><strong>prasiorum,</strong></span> <span class='ocrx_word' id='word_1_53' title='bbox 303 1025 371 1091; x_wconf 88' lang='lat' dir='ltr'><strong>sive</strong></span> <span class='ocrx_word' id='word_1_54' title='bbox 390 1025 529 1092; x_wconf 90' lang='lat' dir='ltr'><strong>Satiram</strong></span> <span class='ocrx_word' id='word_1_55' title='bbox 556 1027 590 1091; x_wconf 91' lang='lat' dir='ltr'><strong>iu</strong></span> <span class='ocrx_word' id='word_1_56' title='bbox 611 1027 696 1092; x_wconf 91' lang='lat' dir='ltr'><strong>Petr.</strong></span> <span class='ocrx_word' id='word_1_57' title='bbox 716 1027 950 1095; x_wconf 84' lang='lat' dir='ltr'><strong>Moumorium.</strong></span> <span class='ocrx_word' id='word_1_58' title='bbox 973 1028 1109 1122; x_wconf 85' lang='lat' dir='ltr'><strong>Anglice</strong></span> 
     </span>
     <span class='ocr_line' id='line_1_8' title="bbox 58 1121 1109 1227; baseline 0.01 -33"><span class='ocrx_word' id='word_1_59' title='bbox 58 1128 242 1222; x_wconf 82' lang='lat' dir='ltr'><strong>apluribus</strong></span> <span class='ocrx_word' id='word_1_60' title='bbox 260 1153 375 1197; x_wconf 87' lang='lat' dir='ltr'><strong>versus</strong></span> <span class='ocrx_word' id='word_1_61' title='bbox 397 1143 465 1213; x_wconf 91' lang='lat' dir='ltr'><strong>est,</strong></span> <span class='ocrx_word' id='word_1_62' title='bbox 482 1121 590 1197; x_wconf 85' lang='lat' dir='ltr'><strong>Oxou.</strong></span> <span class='ocrx_word' id='word_1_63' title='bbox 616 1128 730 1215; x_wconf 90' lang='grc'>1684,</span> <span class='ocrx_word' id='word_1_64' title='bbox 751 1132 783 1200; x_wconf 88' lang='lat'><strong>8.</strong></span> <span class='ocrx_word' id='word_1_65' title='bbox 805 1135 916 1200; x_wconf 86' lang='lat' dir='ltr'>Vitam</span> <span class='ocrx_word' id='word_1_66' title='bbox 936 1134 1109 1227; x_wconf 82' lang='lat' dir='ltr'>Iphicratis</span> 
     </span>
     <span class='ocr_line' id='line_1_9' title="bbox 59 1232 1109 1332; baseline 0.01 -34"><span class='ocrx_word' id='word_1_67' title='bbox 59 1238 147 1301; x_wconf 82' lang='lat' dir='ltr'><strong>vertit</strong></span> <span class='ocrx_word' id='word_1_68' title='bbox 156 1233 262 1301; x_wconf 77' lang='lat' dir='ltr'><strong>Andr.</strong></span> <span class='ocrx_word' id='word_1_69' title='bbox 275 1232 487 1316; x_wconf 85' lang='lat' dir='ltr'><strong>Allam,teste</strong></span> <span class='ocrx_word' id='word_1_70' title='bbox 499 1234 749 1318; x_wconf 83' lang='lat' dir='ltr'><strong>Wood,Athen.</strong></span> <span class='ocrx_word' id='word_1_71' title='bbox 759 1239 866 1303; x_wconf 83' lang='lat' dir='ltr'><strong>Oxon.</strong></span> <span class='ocrx_word' id='word_1_72' title='bbox 880 1252 901 1304; x_wconf 90' lang='lat' dir='ltr'><strong>t.</strong></span> <span class='ocrx_word' id='word_1_73' title='bbox 911 1239 957 1322; x_wconf 89' lang='lat' dir='ltr'><strong>II,</strong></span> <span class='ocrx_word' id='word_1_74' title='bbox 967 1264 997 1331; x_wconf 90' lang='lat' dir='ltr'><strong>p.</strong></span> <span class='ocrx_word' id='word_1_75' title='bbox 1016 1236 1109 1332; x_wconf 80' lang='lat'><strong>5953</strong></span> 
     </span>
     <span class='ocr_line' id='line_1_10' title="bbox 59 1339 1110 1433; baseline 0.005 -27"><span class='ocrx_word' id='word_1_76' title='bbox 59 1342 196 1408; x_wconf 83' lang='lat' dir='ltr'><strong>lttieum</strong></span> <span class='ocrx_word' id='word_1_77' title='bbox 217 1339 339 1407; x_wconf 84' lang='lat' dir='ltr'><strong>Matth.</strong></span> <span class='ocrx_word' id='word_1_78' title='bbox 359 1339 451 1408; x_wconf 88' lang='lat' dir='ltr'><strong>Hale.</strong></span> <span class='ocrx_word' id='word_1_79' title='bbox 473 1343 576 1409; x_wconf 90' lang='lat' dir='ltr'><strong>Totus</strong></span> <span class='ocrx_word' id='word_1_80' title='bbox 597 1343 707 1433; x_wconf 87' lang='lat' dir='ltr'><strong>Nepos</strong></span> <span class='ocrx_word' id='word_1_81' title='bbox 726 1365 744 1407; x_wconf 92' lang='lat' dir='ltr'><strong>a</strong></span> <span class='ocrx_word' id='word_1_82' title='bbox 760 1344 809 1408; x_wconf 90' lang='lat' dir='ltr'><strong>Jo.</strong></span> <span class='ocrx_word' id='word_1_83' title='bbox 834 1339 969 1427; x_wconf 80' lang='lat' dir='ltr'><strong>Clarlre,</strong></span> <span class='ocrx_word' id='word_1_84' title='bbox 993 1343 1110 1412; x_wconf 89' lang='lat' dir='ltr'><strong>additis</strong></span> 
     </span>
     <span class='ocr_line' id='line_1_11' title="bbox 59 1443 1109 1540; baseline 0.006 -30"><span class='ocrx_word' id='word_1_85' title='bbox 59 1448 134 1514; x_wconf 89' lang='lat' dir='ltr'><strong>notis</strong></span> <span class='ocrx_word' id='word_1_86' title='bbox 149 1460 185 1512; x_wconf 89' lang='lat' dir='ltr'><strong>et</strong></span> <span class='ocrx_word' id='word_1_87' title='bbox 203 1444 332 1529; x_wconf 90' lang='lat' dir='ltr'><strong>indice,</strong></span> <span class='ocrx_word' id='word_1_88' title='bbox 347 1444 451 1513; x_wconf 89' lang='lat' dir='ltr'><strong>Lond.</strong></span> <span class='ocrx_word' id='word_1_89' title='bbox 481 1443 599 1540; x_wconf 76' lang='lat'><strong>1726,</strong></span> <span class='ocrx_word' id='word_1_90' title='bbox 627 1444 733 1540; x_wconf 77' lang='lat'><strong>1732.</strong></span> <span class='ocrx_word' id='word_1_91' title='bbox 750 1444 863 1514; x_wconf 89' lang='lat' dir='ltr'><strong>ltalice</strong></span> <span class='ocrx_word' id='word_1_92' title='bbox 880 1448 979 1515; x_wconf 89' lang='lat' dir='ltr'><strong>vertit</strong></span> <span class='ocrx_word' id='word_1_93' title='bbox 1000 1450 1109 1516; x_wconf 86' lang='lat' dir='ltr'><strong>Remi·</strong></span> 
     </span>
     <span class='ocr_line' id='line_1_12' title="bbox 59 1547 1108 1642; baseline 0.006 -26"><span class='ocrx_word' id='word_1_94' title='bbox 59 1552 120 1642; x_wconf 82' lang='lat' dir='ltr'><strong>gius</strong></span> <span class='ocrx_word' id='word_1_95' title='bbox 140 1552 329 1637; x_wconf 87' lang='lat' dir='ltr'><strong>Naruinus,</strong></span> <span class='ocrx_word' id='word_1_96' title='bbox 350 1551 505 1637; x_wconf 79' lang='lat' dir='ltr'><strong>Floreat,</strong></span> <span class='ocrx_word' id='word_1_97' title='bbox 520 1554 637 1619; x_wconf 88' lang='lat' dir='ltr'><strong>Venet.</strong></span> <span class='ocrx_word' id='word_1_98' title='bbox 666 1547 779 1638; x_wconf 80' lang='lat'><strong>1550,</strong></span> <span class='ocrx_word' id='word_1_99' title='bbox 802 1552 834 1621; x_wconf 90' lang='lat'><strong>8.</strong></span> <span class='ocrx_word' id='word_1_100' title='bbox 856 1553 962 1620; x_wconf 85' lang='lat' dir='ltr'><strong>Etiam</strong></span> <span class='ocrx_word' id='word_1_101' title='bbox 986 1555 1108 1622; x_wconf 88' lang='lat' dir='ltr'><strong>Veron.</strong></span> 
     </span>
     <span class='ocr_line' id='line_1_13' title="bbox 62 1654 1105 1751; baseline 0.003 -28"><span class='ocrx_word' id='word_1_102' title='bbox 62 1654 172 1749; x_wconf 77' lang='lat'><strong>1732,</strong></span> <span class='ocrx_word' id='word_1_103' title='bbox 196 1660 245 1740; x_wconf 91' lang='grc'><strong>4,</strong></span> <span class='ocrx_word' id='word_1_104' title='bbox 265 1679 331 1722; x_wconf 88' lang='lat' dir='ltr'><strong>una</strong></span> <span class='ocrx_word' id='word_1_105' title='bbox 353 1681 428 1725; x_wconf 93' lang='lat' dir='ltr'><strong>cum</strong></span> <span class='ocrx_word' id='word_1_106' title='bbox 443 1659 595 1725; x_wconf 85' lang='lat' dir='ltr'>versione</span> <span class='ocrx_word' id='word_1_107' title='bbox 612 1658 746 1725; x_wconf 86' lang='lat' dir='ltr'><strong>Catonis</strong></span> <span class='ocrx_word' id='word_1_108' title='bbox 766 1672 799 1725; x_wconf 85' lang='lat' dir='ltr'><strong>et</strong></span> <span class='ocrx_word' id='word_1_109' title='bbox 813 1659 913 1726; x_wconf 85' lang='lat' dir='ltr'><strong>Attici</strong></span> <span class='ocrx_word' id='word_1_110' title='bbox 932 1682 951 1726; x_wconf 87' lang='lat' dir='ltr'><strong>a</strong></span> <span class='ocrx_word' id='word_1_111' title='bbox 968 1660 1105 1751; x_wconf 89' lang='lat' dir='ltr'><strong>Dionys.</strong></span> 
     </span>
     <span class='ocr_line' id='line_1_14' title="bbox 59 1760 1108 1857; baseline 0.003 -29"><span class='ocrx_word' id='word_1_112' title='bbox 59 1761 256 1828; x_wconf 84' lang='lat' dir='ltr'><strong>llamazzino</strong></span> <span class='ocrx_word' id='word_1_113' title='bbox 273 1760 368 1828; x_wconf 87' lang='lat' dir='ltr'><strong>facta.</strong></span> <span class='ocrx_word' id='word_1_114' title='bbox 378 1761 452 1830; x_wconf 83' lang='lat' dir='ltr'><strong>vid.</strong></span> <span class='ocrx_word' id='word_1_115' title='bbox 467 1766 539 1831; x_wconf 85' lang='lat' dir='ltr'><strong>Act.</strong></span> <span class='ocrx_word' id='word_1_116' title='bbox 557 1760 657 1829; x_wconf 87' lang='lat' dir='ltr'><strong>Erud.</strong></span> <span class='ocrx_word' id='word_1_117' title='bbox 679 1786 753 1830; x_wconf 87' lang='lat' dir='ltr'><strong>nov.</strong></span> <span class='ocrx_word' id='word_1_118' title='bbox 769 1762 873 1857; x_wconf 86' lang='lat' dir='ltr'><strong>suppl.</strong></span> <span class='ocrx_word' id='word_1_119' title='bbox 888 1789 920 1856; x_wconf 92' lang='lat' dir='ltr'><strong>p.</strong></span> <span class='ocrx_word' id='word_1_120' title='bbox 935 1763 1019 1849; x_wconf 66' lang='lat'><strong>248.</strong></span> <span class='ocrx_word' id='word_1_121' title='bbox 1034 1766 1108 1832; x_wconf 89' lang='lat' dir='ltr'><strong>His·</strong></span> 
     </span>
     <span class='ocr_line' id='line_1_15' title="bbox 60 1864 1108 1957; baseline 0.005 -24"><span class='ocrx_word' id='word_1_122' title='bbox 60 1869 202 1957; x_wconf 85' lang='lat' dir='ltr'><strong>panieam</strong></span> <span class='ocrx_word' id='word_1_123' title='bbox 216 1880 250 1934; x_wconf 90' lang='lat' dir='ltr'><strong>et</strong></span> <span class='ocrx_word' id='word_1_124' title='bbox 259 1864 446 1935; x_wconf 88' lang='lat' dir='ltr'><strong>Polonicam</strong></span> <span class='ocrx_word' id='word_1_125' title='bbox 461 1869 642 1935; x_wconf 81' lang='lat' dir='ltr'><strong>versionem</strong></span> <span class='ocrx_word' id='word_1_126' title='bbox 655 1883 817 1937; x_wconf 90' lang='lat' dir='ltr'><strong>memorat</strong></span> <span class='ocrx_word' id='word_1_127' title='bbox 826 1870 869 1936; x_wconf 90' lang='lat' dir='ltr'><strong>D.</strong></span> <span class='ocrx_word' id='word_1_128' title='bbox 880 1869 1108 1957; x_wconf 87' lang='lat' dir='ltr'><strong>G.·Mollerus,</strong></span> 
     </span>
     <span class='ocr_line' id='line_1_16' title="bbox 63 1968 1107 2068; baseline 0.007 -33"><span class='ocrx_word' id='word_1_129' title='bbox 63 1972 86 2035; x_wconf 87' lang='lat' dir='ltr'><strong>in</strong></span> <span class='ocrx_word' id='word_1_130' title='bbox 116 1974 204 2040; x_wconf 86' lang='lat' dir='ltr'><strong>Diss.</strong></span> <span class='ocrx_word' id='word_1_131' title='bbox 235 1970 277 2038; x_wconf 89' lang='lat' dir='ltr'><strong>de</strong></span> <span class='ocrx_word' id='word_1_132' title='bbox 308 1976 453 2066; x_wconf 85' lang='lat' dir='ltr'><strong>Nepote,</strong></span> <span class='ocrx_word' id='word_1_133' title='bbox 478 1968 510 2058; x_wconf 77' lang='lat' dir='ltr'><strong>S.</strong></span> <span class='ocrx_word' id='word_1_134' title='bbox 550 1996 606 2067; x_wconf 84' lang='lat'><strong>¹9·</strong></span> <span class='ocrx_word' id='word_1_135' title='bbox 638 1975 826 2066; x_wconf 84' lang='lat' dir='ltr'><strong>Hungarice</strong></span> <span class='ocrx_word' id='word_1_136' title='bbox 856 1976 955 2042; x_wconf 89' lang='lat' dir='ltr'><strong>vertit</strong></span> <span class='ocrx_word' id='word_1_137' title='bbox 986 1977 1107 2068; x_wconf 83' lang='lat' dir='ltr'><strong>Georg.</strong></span> 
     </span>
     <span class='ocr_line' id='line_1_17' title="bbox 64 2075 1106 2173; baseline 0.003 -30"><span class='ocrx_word' id='word_1_138' title='bbox 64 2075 254 2170; x_wconf 60' lang='lat' dir='ltr'><strong>Balogvid.</strong></span> <span class='ocrx_word' id='word_1_139' title='bbox 275 2079 499 2172; x_wconf 82' lang='lat' dir='ltr'><strong>Czwittinger,</strong></span> <span class='ocrx_word' id='word_1_140' title='bbox 515 2081 547 2145; x_wconf 93' lang='lat' dir='ltr'><strong>in</strong></span> <span class='ocrx_word' id='word_1_141' title='bbox 562 2081 671 2171; x_wconf 83' lang='lat' dir='ltr'><strong>Hung.</strong></span> <span class='ocrx_word' id='word_1_142' title='bbox 685 2076 781 2146; x_wconf 90' lang='lat' dir='ltr'><strong>litter.</strong></span> <span class='ocrx_word' id='word_1_143' title='bbox 803 2105 834 2172; x_wconf 92' lang='lat' dir='ltr'><strong>p.</strong></span> <span class='ocrx_word' id='word_1_144' title='bbox 857 2101 925 2172; x_wconf 80' lang='lat'><strong>29,</strong></span> <span class='ocrx_word' id='word_1_145' title='bbox 940 2081 995 2173; x_wconf 92' lang='lat' dir='ltr'><strong>qui</strong></span> <span class='ocrx_word' id='word_1_146' title='bbox 1017 2081 1106 2147; x_wconf 92' lang='lat' dir='ltr'><strong>Sem·</strong></span> 
     </span>
     <span class='ocr_line' id='line_1_18' title="bbox 64 2182 1205 2279; baseline 0.004 -30"><span class='ocrx_word' id='word_1_147' title='bbox 64 2186 160 2272; x_wconf 89' lang='lat' dir='ltr'><strong>pronii</strong></span> <span class='ocrx_word' id='word_1_148' title='bbox 183 2182 310 2251; x_wconf 86' lang='lat' dir='ltr'><strong>editam</strong></span> <span class='ocrx_word' id='word_1_149' title='bbox 331 2183 418 2253; x_wconf 90' lang='lat' dir='ltr'><strong>hanc</strong></span> <span class='ocrx_word' id='word_1_150' title='bbox 435 2185 619 2252; x_wconf 86' lang='lat' dir='ltr'><strong>versionem</strong></span> <span class='ocrx_word' id='word_1_151' title='bbox 640 2183 748 2251; x_wconf 82' lang='lat' dir='ltr'><strong>tradit.</strong></span> <span class='ocrx_word' id='word_1_152' title='bbox 766 2186 894 2253; x_wconf 90' lang='lat' dir='ltr'><strong>Danice</strong></span> <span class='ocrx_word' id='word_1_153' title='bbox 908 2234 916 2266; x_wconf 92' lang='lat'><strong>,</strong></span> <span class='ocrx_word' id='word_1_154' title='bbox 932 2186 1109 2279; x_wconf 82' lang='lat' dir='ltr'><strong>interprete</strong></span> <span class='ocrx_word' id='word_1_155' title='bbox 1191 2206 1205 2233; x_wconf 88' lang='lat'><strong>·</strong></span> 
     </span>
     <span class='ocr_line' id='line_1_19' title="bbox 65 2287 741 2382; baseline 0.012 -33"><span class='ocrx_word' id='word_1_156' title='bbox 65 2287 103 2353; x_wconf 85' lang='lat' dir='ltr'><strong>Jo.</strong></span> <span class='ocrx_word' id='word_1_157' title='bbox 117 2289 303 2382; x_wconf 81' lang='lat' dir='ltr'><strong>Dabergio,</strong></span> <span class='ocrx_word' id='word_1_158' title='bbox 314 2288 436 2381; x_wconf 89' lang='lat' dir='ltr'><strong>prodiit</strong></span> <span class='ocrx_word' id='word_1_159' title='bbox 452 2291 557 2358; x_wconf 87' lang='lat' dir='ltr'><strong>Havn.</strong></span> <span class='ocrx_word' id='word_1_160' title='bbox 576 2287 689 2382; x_wconf 79' lang='grc'>1669,</span> <span class='ocrx_word' id='word_1_161' title='bbox 709 2288 741 2358; x_wconf 87' lang='lat'><strong>8.</strong></span> 
     </span>
    </p>
   </div>
   <div class='ocr_carea' id='block_1_3' title="bbox 129 2489 1024 2586">
    <p class='ocr_par' dir='ltr' id='par_1_3' title="bbox 129 2489 1024 2586">
     <span class='ocr_line' id='line_1_20' title="bbox 129 2489 1024 2586; baseline 0 -26"><span class='ocrx_word' id='word_1_162' title='bbox 129 2490 229 2561; x_wconf 64' lang='lat' dir='ltr'><strong>‘libri</strong></span> <span class='ocrx_word' id='word_1_163' title='bbox 236 2543 246 2573; x_wconf 94' lang='lat'><strong>,</strong></span> <span class='ocrx_word' id='word_1_164' title='bbox 268 2495 329 2583; x_wconf 80' lang='lat' dir='ltr'><strong>qui</strong></span> <span class='ocrx_word' id='word_1_165' title='bbox 346 2489 397 2558; x_wconf 83' lang='lat' dir='ltr'><strong>ad</strong></span> <span class='ocrx_word' id='word_1_166' title='bbox 410 2491 644 2559; x_wconf 73' lang='lat' dir='ltr'><strong>illustrandum</strong></span> <span class='ocrx_word' id='word_1_167' title='bbox 665 2493 833 2585; x_wconf 80' lang='lat' dir='ltr'><strong>Nepotem</strong></span> <span class='ocrx_word' id='word_1_168' title='bbox 842 2497 1024 2586; x_wconf 71' lang='lat' dir='ltr'><strong>peruicerit.</strong></span> 
     </span>
    </p>
   </div>
   <div class='ocr_carea' id='block_1_4' title="bbox 63 2664 1133 3829">
    <p class='ocr_par' dir='ltr' id='par_1_4' title="bbox 67 2664 1109 2980">
     <span class='ocr_line' id='line_1_21' title="bbox 110 2664 1108 2770; baseline 0.001 -28"><span class='ocrx_word' id='word_1_169' title='bbox 110 2675 157 2742; x_wconf 76' lang='lat' dir='ltr'><strong>Ad</strong></span> <span class='ocrx_word' id='word_1_170' title='bbox 166 2672 398 2743; x_wconf 89' lang='lat' dir='ltr'><strong>illustrandum</strong></span> <span class='ocrx_word' id='word_1_171' title='bbox 407 2678 568 2768; x_wconf 91' lang='lat' dir='ltr'><strong>Nepotem</strong></span> <span class='ocrx_word' id='word_1_172' title='bbox 576 2672 718 2767; x_wconf 81' lang='lat' dir='ltr'><strong>pertinet</strong></span> <span class='ocrx_word' id='word_1_173' title='bbox 728 2678 778 2743; x_wconf 87' lang='lat' dir='ltr'><strong>Jo.</strong></span> <span class='ocrx_word' id='word_1_174' title='bbox 787 2664 932 2744; x_wconf 35' lang='lat' dir='ltr'><strong>Sche&#39;feri</strong></span> <span class='ocrx_word' id='word_1_175' title='bbox 941 2677 1108 2770; x_wconf 87' lang='lat' dir='ltr'><strong>specimen</strong></span> 
     </span>
     <span class='ocr_line' id='line_1_22' title="bbox 67 2777 1109 2874; baseline 0 -27"><span class='ocrx_word' id='word_1_176' title='bbox 67 2780 271 2849; x_wconf 76' lang='lat' dir='ltr'><strong>animadvers.</strong></span> <span class='ocrx_word' id='word_1_177' title='bbox 287 2783 321 2847; x_wconf 92' lang='lat' dir='ltr'><strong>in</strong></span> <span class='ocrx_word' id='word_1_178' title='bbox 335 2783 471 2874; x_wconf 88' lang='lat' dir='ltr'><strong>Nepotis</strong></span> <span class='ocrx_word' id='word_1_179' title='bbox 485 2779 687 2864; x_wconf 90' lang='lat' dir='ltr'><strong>Miltiadem,</strong></span> <span class='ocrx_word' id='word_1_180' title='bbox 702 2779 820 2848; x_wconf 87' lang='lat' dir='ltr'><strong>Hamb.</strong></span> <span class='ocrx_word' id='word_1_181' title='bbox 847 2777 942 2872; x_wconf 80' lang='lat'>1675</span> <span class='ocrx_word' id='word_1_182' title='bbox 954 2834 964 2866; x_wconf 95' lang='lat'><strong>,</strong></span> <span class='ocrx_word' id='word_1_183' title='bbox 977 2794 1010 2847; x_wconf 89' lang='lat' dir='ltr'><strong>et</strong></span> <span class='ocrx_word' id='word_1_184' title='bbox 1024 2782 1109 2848; x_wconf 89' lang='lat' dir='ltr'><strong>inter</strong></span> 
     </span>
     <span class='ocr_line' id='line_1_23' title="bbox 68 2885 377 2980; baseline -0.003 -26"><span class='ocrx_word' id='word_1_185' title='bbox 68 2885 123 2976; x_wconf 78' lang='lat' dir='ltr'><strong>ejus</strong></span> <span class='ocrx_word' id='word_1_186' title='bbox 142 2885 377 2980; x_wconf 80' lang='lat' dir='ltr'><strong>praelectiones.</strong></span> 
     </span>
    </p>

    <p class='ocr_par' dir='ltr' id='par_1_5' title="bbox 63 2989 1108 3400">
     <span class='ocr_line' id='line_1_24' title="bbox 107 2989 1108 3085; baseline -0.003 -26"><span class='ocrx_word' id='word_1_187' title='bbox 107 2995 270 3085; x_wconf 81' lang='lat' dir='ltr'><strong>Nepotem</strong></span> <span class='ocrx_word' id='word_1_188' title='bbox 284 3015 303 3058; x_wconf 91' lang='lat' dir='ltr'><strong>a</strong></span> <span class='ocrx_word' id='word_1_189' title='bbox 316 2992 472 3084; x_wconf 93' lang='lat' dir='ltr'><strong>Scioppio</strong></span> <span class='ocrx_word' id='word_1_190' title='bbox 484 3012 558 3059; x_wconf 87' lang='lat' dir='ltr'><strong>curn</strong></span> <span class='ocrx_word' id='word_1_191' title='bbox 573 2990 702 3059; x_wconf 90' lang='lat' dir='ltr'><strong>duobus</strong></span> <span class='ocrx_word' id='word_1_192' title='bbox 716 2992 809 3059; x_wconf 87' lang='lat' dir='ltr'><strong>MSS.</strong></span> <span class='ocrx_word' id='word_1_193' title='bbox 825 2989 979 3058; x_wconf 91' lang='lat' dir='ltr'><strong>collatum</strong></span> <span class='ocrx_word' id='word_1_194' title='bbox 994 3003 1108 3058; x_wconf 88' lang='lat' dir='ltr'><strong>nactus</strong></span> 
     </span>
     <span class='ocr_line' id='line_1_25' title="bbox 67 3092 1107 3190; baseline -0.004 -24"><span class='ocrx_word' id='word_1_195' title='bbox 67 3094 156 3166; x_wconf 82' lang='lat' dir='ltr'><strong>llicb.</strong></span> <span class='ocrx_word' id='word_1_196' title='bbox 179 3098 349 3166; x_wconf 87' lang='lat' dir='ltr'><strong>Piccartus</strong></span> <span class='ocrx_word' id='word_1_197' title='bbox 370 3095 443 3164; x_wconf 88' lang='lat' dir='ltr'><strong>loca</strong></span> <span class='ocrx_word' id='word_1_198' title='bbox 467 3095 616 3190; x_wconf 69' lang='lat' dir='ltr'><strong>quaedam</strong></span> <span class='ocrx_word' id='word_1_199' title='bbox 637 3095 790 3163; x_wconf 88' lang='lat' dir='ltr'><strong>emendat</strong></span> <span class='ocrx_word' id='word_1_200' title='bbox 817 3096 850 3163; x_wconf 91' lang='lat' dir='ltr'><strong>in</strong></span> <span class='ocrx_word' id='word_1_201' title='bbox 872 3092 1026 3163; x_wconf 84' lang='lat' dir='ltr'><strong>Periculis</strong></span> <span class='ocrx_word' id='word_1_202' title='bbox 1045 3097 1107 3163; x_wconf 92' lang='lat' dir='ltr'><strong>cri·</strong></span> 
     </span>
     <span class='ocr_line' id='line_1_26' title="bbox 65 3199 1108 3296; baseline 0.004 -30"><span class='ocrx_word' id='word_1_203' title='bbox 65 3202 144 3286; x_wconf 89' lang='lat' dir='ltr'><strong>tieis,</strong></span> <span class='ocrx_word' id='word_1_204' title='bbox 155 3203 264 3296; x_wconf 75' lang='lat' dir='ltr'><strong>mpite</strong></span> <span class='ocrx_word' id='word_1_205' title='bbox 280 3205 323 3270; x_wconf 86' lang='lat' dir='ltr'><strong>X.</strong></span> <span class='ocrx_word' id='word_1_206' title='bbox 336 3200 504 3270; x_wconf 85' lang='lat' dir='ltr'><strong>Nonnulla</strong></span> <span class='ocrx_word' id='word_1_207' title='bbox 514 3203 611 3269; x_wconf 90' lang='lat' dir='ltr'><strong>etiam</strong></span> <span class='ocrx_word' id='word_1_208' title='bbox 627 3202 842 3293; x_wconf 87' lang='lat' dir='ltr'><strong>castigaverat</strong></span> <span class='ocrx_word' id='word_1_209' title='bbox 857 3199 1028 3294; x_wconf 86' lang='lat' dir='ltr'><strong>Scioppius</strong></span> <span class='ocrx_word' id='word_1_210' title='bbox 1038 3204 1108 3293; x_wconf 91' lang='lat' dir='ltr'><strong>ipse</strong></span> 
     </span>
     <span class='ocr_line' id='line_1_27' title="bbox 63 3305 931 3400; baseline 0.001 -27"><span class='ocrx_word' id='word_1_211' title='bbox 63 3305 199 3376; x_wconf 89' lang='lat' dir='ltr'><strong>inlibris</strong></span> <span class='ocrx_word' id='word_1_212' title='bbox 219 3305 452 3376; x_wconf 74' lang='lat' dir='ltr'><strong>verisimilium</strong></span> <span class='ocrx_word' id='word_1_213' title='bbox 473 3321 506 3374; x_wconf 90' lang='lat' dir='ltr'><strong>et</strong></span> <span class='ocrx_word' id='word_1_214' title='bbox 526 3308 690 3400; x_wconf 88' lang='lat' dir='ltr'><strong>Suspectis</strong></span> <span class='ocrx_word' id='word_1_215' title='bbox 711 3307 931 3375; x_wconf 88' lang='lat' dir='ltr'><strong>Lectionibus.</strong></span> 
     </span>
    </p>

    <p class='ocr_par' dir='ltr' id='par_1_6' title="bbox 64 3410 1133 3829">
     <span class='ocr_line' id='line_1_28' title="bbox 104 3410 1108 3506; baseline -0.002 -26"><span class='ocrx_word' id='word_1_216' title='bbox 104 3416 156 3482; x_wconf 86' lang='lat' dir='ltr'><strong>lo.</strong></span> <span class='ocrx_word' id='word_1_217' title='bbox 169 3413 275 3480; x_wconf 85' lang='lat' dir='ltr'><strong>Mich.</strong></span> <span class='ocrx_word' id='word_1_218' title='bbox 290 3414 528 3506; x_wconf 83' lang='lat' dir='ltr'><strong>Heusingerus‚</strong></span> <span class='ocrx_word' id='word_1_219' title='bbox 539 3413 680 3497; x_wconf 88' lang='lat' dir='ltr'><strong>Isenaei,</strong></span> <span class='ocrx_word' id='word_1_220' title='bbox 691 3437 720 3481; x_wconf 86' lang='lat' dir='ltr'><strong>a.</strong></span> <span class='ocrx_word' id='word_1_221' title='bbox 737 3410 1006 3506; x_wconf 72' lang='grc' dir='ltr'>1744,4,ο(11ἀίῖ</span> <span class='ocrx_word' id='word_1_222' title='bbox 1021 3437 1108 3504; x_wconf 82' lang='lat' dir='ltr'><strong>egro</strong></span> 
     </span>
     <span class='ocr_line' id='line_1_29' title="bbox 64 3516 1133 3613; baseline -0.002 -26"><span class='ocrx_word' id='word_1_223' title='bbox 64 3518 140 3608; x_wconf 76' lang='lat' dir='ltr'><strong>giam</strong></span> <span class='ocrx_word' id='word_1_224' title='bbox 172 3516 385 3613; x_wconf 79' lang='lat' dir='ltr'><strong>spicilegium</strong></span> <span class='ocrx_word' id='word_1_225' title='bbox 407 3517 681 3587; x_wconf 85' lang='lat' dir='ltr'><strong>Emendationum</strong></span> <span class='ocrx_word' id='word_1_226' title='bbox 707 3531 740 3587; x_wconf 89' lang='lat' dir='ltr'><strong>et</strong></span> <span class='ocrx_word' id='word_1_227' title='bbox 764 3517 1041 3586; x_wconf 85' lang='lat' dir='ltr'><strong>Observationum</strong></span> <span class='ocrx_word' id='word_1_228' title='bbox 1067 3518 1133 3601; x_wconf 71' lang='lat' dir='ltr'><strong>ad⁸</strong></span> 
     </span>
     <span class='ocr_line' id='line_1_30' title="bbox 65 3620 1106 3719; baseline -0.002 -28"><span class='ocrx_word' id='word_1_229' title='bbox 65 3623 198 3693; x_wconf 66' lang='lat' dir='ltr'><strong>(emelii</strong></span> <span class='ocrx_word' id='word_1_230' title='bbox 221 3626 305 3717; x_wconf 89' lang='lat' dir='ltr'><strong>Nep.</strong></span> <span class='ocrx_word' id='word_1_231' title='bbox 324 3625 407 3691; x_wconf 88' lang='lat' dir='ltr'><strong>vitas</strong></span> <span class='ocrx_word' id='word_1_232' title='bbox 421 3624 538 3691; x_wconf 83' lang='lat' dir='ltr'>XVIII</span> <span class='ocrx_word' id='word_1_233' title='bbox 559 3625 701 3719; x_wconf 89' lang='lat' dir='ltr'><strong>priores,</strong></span> <span class='ocrx_word' id='word_1_234' title='bbox 719 3648 784 3715; x_wconf 93' lang='lat' dir='ltr'><strong>quo</strong></span> <span class='ocrx_word' id='word_1_235' title='bbox 798 3620 893 3716; x_wconf 91' lang='lat' dir='ltr'><strong>plura</strong></span> <span class='ocrx_word' id='word_1_236' title='bbox 905 3621 1022 3690; x_wconf 86' lang='lat' dir='ltr'><strong>menda</strong></span> <span class='ocrx_word' id='word_1_237' title='bbox 1034 3647 1106 3704; x_wconf 80' lang='lat' dir='ltr'><strong>eor-</strong></span> 
     </span>
     <span class='ocr_line' id='line_1_31' title="bbox 64 3726 1108 3829; baseline -0.004 -32"><span class='ocrx_word' id='word_1_238' title='bbox 64 3729 222 3823; x_wconf 81' lang='lat' dir='ltr'><strong>n&#39;guutur,</strong></span> <span class='ocrx_word' id='word_1_239' title='bbox 237 3727 311 3797; x_wconf 89' lang='lat' dir='ltr'><strong>loca</strong></span> <span class='ocrx_word' id='word_1_240' title='bbox 330 3728 521 3798; x_wconf 90' lang='lat' dir='ltr'><strong>obscuriora</strong></span> <span class='ocrx_word' id='word_1_241' title='bbox 541 3726 761 3823; x_wconf 84' lang='lat' dir='ltr'><strong>explicantur,</strong></span> <span class='ocrx_word' id='word_1_242' title='bbox 779 3726 842 3829; x_wconf 78' lang='lat' dir='ltr'><strong>alia</strong></span> <span class='ocrx_word' id='word_1_243' title='bbox 862 3751 882 3796; x_wconf 86' lang='lat' dir='ltr'><strong>a</strong></span> <span class='ocrx_word' id='word_1_244' title='bbox 903 3728 1039 3797; x_wconf 85' lang='lat' dir='ltr'><strong>sinistris</strong></span> <span class='ocrx_word' id='word_1_245' title='bbox 1060 3730 1108 3794; x_wconf 90' lang='lat' dir='ltr'><strong>in-</strong></span> 
     </span>
    </p>
   </div>
   <div class='ocr_carea' id='block_1_5' title="bbox 65 3894 1110 4074">
    <p class='ocr_par' dir='ltr' id='par_1_7' title="bbox 65 3894 1110 4074">
     <span class='ocr_line' id='line_1_32' title="bbox 96 3894 1110 3989; baseline -0.009 -17"><span class='ocrx_word' id='word_1_246' title='bbox 96 3939 121 3975; x_wconf 61' lang='grc'><strong>1.</strong></span> <span class='ocrx_word' id='word_1_247' title='bbox 136 3922 216 3975; x_wconf 78' lang='lat' dir='ltr'><strong>Errat</strong></span> <span class='ocrx_word' id='word_1_248' title='bbox 231 3921 277 3974; x_wconf 85' lang='lat' dir='ltr'><strong>bie</strong></span> <span class='ocrx_word' id='word_1_249' title='bbox 292 3920 391 3972; x_wconf 84' lang='lat' dir='ltr'><strong>iterum</strong></span> <span class='ocrx_word' id='word_1_250' title='bbox 407 3918 563 3983; x_wconf 75' lang='lat' dir='ltr'><strong>Fabricius,</strong></span> <span class='ocrx_word' id='word_1_251' title='bbox 605 3931 658 3971; x_wconf 72' lang='lat' dir='ltr'><strong>tem</strong></span> <span class='ocrx_word' id='word_1_252' title='bbox 672 3894 772 3989; x_wconf 75' lang='lat' dir='ltr'><strong>accipit.</strong></span> <span class='ocrx_word' id='word_1_253' title='bbox 781 3918 896 3971; x_wconf 86' lang='lat' dir='ltr'><strong>Plinium</strong></span> <span class='ocrx_word' id='word_1_254' title='bbox 909 3918 980 3970; x_wconf 83' lang='lat' dir='ltr'><strong>enim</strong></span> <span class='ocrx_word' id='word_1_255' title='bbox 992 3935 1005 3969; x_wconf 78' lang='lat' dir='ltr'><strong>a</strong></span> <span class='ocrx_word' id='word_1_256' title='bbox 1016 3916 1110 3967; x_wconf 85' lang='lat' dir='ltr'><strong>Pineto</strong></span> 
     </span>
     <span class='ocr_line' id='line_1_33' title="bbox 65 3994 1089 4074; baseline -0.011 -19"><span class='ocrx_word' id='word_1_257' title='bbox 65 3995 174 4074; x_wconf 66' lang='lat' dir='ltr'><strong>lupo</strong></span> <span class='ocrx_word' id='word_1_258' title='bbox 185 4001 296 4063; x_wconf 79' lang='lat' dir='ltr'><strong>Plinio,</strong></span> <span class='ocrx_word' id='word_1_259' title='bbox 306 3999 420 4061; x_wconf 79' lang='lat' dir='ltr'><strong>mv,</strong></span> <span class='ocrx_word' id='word_1_260' title='bbox 432 4016 465 4065; x_wconf 79' lang='lat' dir='ltr'><strong>a,</strong></span> <span class='ocrx_word' id='word_1_261' title='bbox 476 3998 565 4068; x_wconf 84' lang='lat' dir='ltr'><strong>Nepo-</strong></span> <span class='ocrx_word' id='word_1_262' title='bbox 605 4014 710 4052; x_wconf 66' lang='lat' dir='ltr'><strong>vernam</strong></span> <span class='ocrx_word' id='word_1_263' title='bbox 725 3997 788 4052; x_wconf 83' lang='lat' dir='ltr'><strong>citat</strong></span> <span class='ocrx_word' id='word_1_264' title='bbox 802 3997 974 4051; x_wconf 74' lang='lat' dir='ltr'><strong>Colomeiius.</strong></span> <span class='ocrx_word' id='word_1_265' title='bbox 992 3994 1089 4048; x_wconf 79' lang='lat' dir='ltr'><strong>Editor.</strong></span> 
     </span>
    </p>
   </div>
   <div class='ocr_carea' id='block_1_6' title="bbox 882 4087 927 4169">
    <p class='ocr_par' dir='ltr' id='par_1_8' title="bbox 882 4087 927 4169">
     <span class='ocr_line' id='line_1_34' title="bbox 882 4087 927 4169; baseline 0 -42"><span class='ocrx_word' id='word_1_266' title='bbox 882 4087 927 4169; x_wconf 69' lang='lat' dir='ltr'><strong>Bi</strong></span> 
     </span>
    </p>
   </div>
   <div class='ocr_carea' id='block_1_7' title="bbox 0 0 1358 4770">
    <p class='ocr_par' dir='ltr' id='par_1_9' title="bbox 0 0 1358 4770">
     <span class='ocr_line' id='line_1_35' title="bbox 0 0 1358 4770; baseline 0 0"><span class='ocrx_word' id='word_1_267' title='bbox 0 0 1358 4770; x_wconf 95' lang='lat' dir='ltr'><strong> </strong></span> 
     </span>
    </p>
   </div>
  </div>
 </body>
</html>
