2768 5198
519 357 583 423 nr
608 337 858 425 rumori.-
1179 387 1212 434 n

161 512 347 590 persuasum
367 484 497 572 sit‚has
517 486 619 571 vitas,
635 498 810 578 antequam
829 487 1043 580 imperatores
1064 498 1216 586 perpetui
1244 525 1246 529 ·

162 599 360 672 dominantia
384 594 501 671 Rome
521 590 731 678 obturerent,
752 615 821 661 esse
844 595 1002 689 scriptas,
1029 611 1062 666 et
1082 599 1216 671 Probus

162 730 222 774 noa
238 704 280 774 sit
300 700 434 771 illorum
457 699 641 792 priscorum
661 709 847 792 temporum
866 724 1071 794 cognomen,
1088 706 1145 775 sed
1164 733 1215 777 re.

164 812 357 895 ceptionum,
372 820 407 875 et
423 803 521 899 longe
539 803 758 897 posteriorum
772 830 783 891 ;
797 803 878 876 mihi
895 807 1025 879 videtur
1041 811 1216 885 Cornelius

165 919 266 1013 Nepos
289 915 420 1009 potitis,
439 935 539 1006 quum
567 907 715 987 AEmilius
736 911 885 999 Probus,
905 935 1003 985 verus
1025 915 1122 1010 hujus
1143 918 1217 991 libri

167 1043 273 1116 pareas
298 1035 332 1091 et
356 1034 474 1089 auctor
498 1040 569 1087 esse
595 1016 849 1110 agnoscendus:
869 1019 914 1089 ita
937 1034 1048 1100 tamon
1065 1038 1103 1093 ut
1121 1050 1216 1097 suum

168 1131 272 1223 orique
289 1126 452 1221 judicium
472 1122 613 1195 liberum
634 1121 842 1215 relinquam,
859 1148 966 1219 neque
983 1128 1048 1199 hoc
1063 1131 1145 1200 mihi
1160 1157 1218 1202 su·-

169 1259 263 1320 nam,
282 1249 340 1321 ut,
367 1232 424 1326 qui
444 1229 537 1301 aliter
563 1231 723 1317 renuant,
743 1243 901 1323 tanquam
922 1231 1141 1326 desipientes,
1162 1253 1219 1311 aut

170 1356 320 1428 nantes,
340 1363 362 1407 a
384 1362 439 1415 me
460 1335 733 1415 condemnentur.
754 1336 891 1430 Scripsit
915 1351 1024 1417 autern
1045 1342 1220 1417 Cornelius

172 1447 269 1542 Nepos
284 1445 475 1530 Chremen,
489 1457 527 1515 ut
545 1455 683 1521 testatur
700 1443 867 1521 Ausonius
884 1444 1019 1538 epistola
1037 1445 1106 1534 illa,
1119 1474 1219 1541 quarn

173 1575 256 1646 upra
277 1550 556 1637 commemoravi,
573 1548 732 1641 cujusque
757 1549 885 1625 initium
906 1550 1068 1631 indicavi:
1088 1553 1219 1625 Oblata

169 1662 447 1754 perann'qwros
463 1678 581 1740 mora,
600 1667 663 1724 etc,
678 1654 765 1740 Quae
782 1669 851 1723 eta
868 1656 1070 1733 Tertulliano
1083 1661 1117 1729 iu
1131 1663 1220 1755 Apo·

173 1760 295 1857 lugetico
312 1765 473 1837 adversus
494 1775 608 1855 gentes
630 1759 768 1832 fortusse
785 1761 1012 1856 significantur
1029 1766 1080 1837 lu's
1092 1767 1217 1839 verbis:

181 1897 197 1930 α
209 1871 372 1939 Saturnum
390 1871 518 1963 itaque,
532 1879 692 1960 quantum
709 1864 824 1934 litterae
838 1867 975 1955 docent,
990 1897 1095 1965 neque
1111 1875 1219 1945 Theo·

176 1971 262 2045 donis
280 1979 431 2062 Graecus,
448 1988 506 2045 aut
524 1971 676 2056 Thallus,
697 1995 805 2066 neque
826 1975 959 2045 Cassius
980 1978 1138 2062 Severus,
1163 1996 1220 2050 aut

175 2081 329 2152 Cornelius
350 2083 489 2175 Nepos,
515 2103 623 2173 neque
649 2076 735 2145 ullus
764 2094 1006 2148 commentator
1032 2082 1219 2176 hujusmodi

170 2190 409 2284 antiquitatum,
439 2184 547 2271 aliud,
569 2206 667 2278 quam
688 2183 880 2271 hominem,
898 2187 1174 2282 promulgarunt3
1198 2223 1215 2258 a

144 2319 146 2323 ·
168 2294 335 2390 eademne
351 2294 491 2369 torusse
506 2289 673 2385 significat
689 2304 722 2358 et
737 2289 890 2371 Catullus
905 2295 939 2360 in
952 2296 1060 2388 primo
1073 2295 1129 2367 illo
1141 2323 1218 2367 car·

166 2402 261 2486 mine,
279 2399 373 2494 quod
388 2423 487 2492 supra
500 2395 715 2491 protulimus,
728 2397 878 2465 versibus
899 2399 980 2467 illis:
1000 2429 1017 2464 <t
1031 2404 1104 2470 Jam
1126 2419 1218 2495 tum,

163 2531 255 2600 quum
268 2530 371 2575 ausus
389 2530 443 2590 es,
457 2527 544 2571 unus
556 2501 733 2587 Italorum,
746 2504 855 2573 Omne
870 2529 976 2573 aevum
992 2507 1095 2576 tribus
1112 2511 1215 2604 expli-

163 2613 406 2682 etechonis.»
423 2607 616 2679 Cornelium
631 2611 815 2702 Nepotem,
826 2623 986 2703 ,tanquam
1004 2611 1218 2706 historicum,

162 2718 308 2813 producit
324 2730 443 2786 testem
453 2729 487 2784 et
498 2713 694 2783 Plutarchus
708 2739 810 2812 quum
824 2713 917 2803 alibi,
927 2731 998 2785 tum
1010 2720 1044 2786 in
1058 2721 1218 2793 Marcello

161 2825 215 2893 sub
231 2840 438 2909 extremum3
451 2835 485 2889 et
503 2817 606 2889 Aulus
626 2818 752 2890 Gellius
769 2814 891 2908 (Aulus
909 2823 1050 2912 Gellius,
1064 2829 1216 2919 inquam,

159 2954 224 2999 nou
237 2931 416 3024 Agellum,
431 2942 469 2999 ut
482 2927 616 3020 quidam
627 2951 734 3022 nuper
744 2930 850 2999 exorti
863 2928 1028 3013 hominess
1043 2935 1217 3021 nouitatis,

161 3034 629 3128 quunrmitatiscnoidiores,
639 3058 728 3110 noro
740 3050 773 3102 et
782 3037 939 3107 Romanis
947 3035 1099 3115 inaudito
1112 3043 1216 3123 norni-

163 3165 206 3211 ne
219 3141 381 3237 appellare
404 3155 576 3235 ‚coeperunt
591 3138 619 3228 ),
629 3139 685 3209 lib.
700 3142 822 3226 xvu,
841 3165 868 3220 c.
884 3165 930 3219 ‚21
943 3167 957 3226 5
969 3157 1009 3217 ct
1022 3146 1217 3228 Lactantius
1294 3193 1296 3199 .

160 3248 356 3336 Firmianus,
371 3247 426 3319 lib.
437 3249 478 3334 l,
489 3272 519 3316 e.
535 3249 621 3324 Xlll
632 3261 684 3331 ;.et
698 3245 802 3319 Julius
813 3246 963 3347 solinus,
976 3273 1004 3320 c.
1023 3253 1068 3325 ll.
1084 3253 1216 3336 Profert

159 3354 389 3441 damini,
399 3353 457 3430 lib.
470 3356 487 3425 l
504 3354 611 3429 hisne
623 3377 785 3453 ¹guerinni,
797 3354 900 3426 uerba
910 3356 1059 3431 ¹Cornelii
1074 3361 1213 3455 Nepotis

160 3484 196 3527 ex
216 3459 270 3530 lib.
287 3464 371 3530 XVI
386 3459 568 3529 Illustrium
583 3460 749 3528 Virorum.
769 3463 859 3530 citat
872 3463 1023 3532 eumdem
1042 3480 1159 3534 testem
1180 3470 1214 3535 in

160 3588 236 3635 voce
253 3566 398 3635 subinde
418 3592 459 3635 ex
480 3565 533 3634 lib.
550 3568 597 3634 ul.
613 3565 746 3637 Profert
763 3580 796 3636 et
813 3568 1015 3655 Priscianus,
1033 3568 1085 3639 lib.
1110 3575 1214 3665 VIII,

161 3669 225 3740 hec
250 3698 292 3741 ex
311 3674 467 3773 Nepote,
484 3696 551 3741 non
579 3687 836 3741 commemorato
862 3688 919 3741 aut
939 3675 1082 3746 indicato
1103 3679 1212 3750 libro:

166 3778 283 3847 «AEdis
297 3780 417 3847 Martis
437 3780 534 3846 estin
555 3779 643 3846 circo
665 3776 823 3846 Flaminio
837 3781 1049 3852 architectata
1068 3785 1109 3853 ab
1126 3789 1213 3854 Her-

164 3883 296 3954 modoro
317 3884 504 3953 Salaminio.
530 3913 547 3949 r
573 3886 734 3952 Preterea
757 3885 875 3953 harum
903 3890 1046 3958 vitarum
1075 3894 1215 3983 scriptor

163 3990 249 4065 otti
260 3993 373 4068 Dione
392 3983 466 4085 (X,
481 3988 519 4080 3,
532 4016 554 4068 2
567 3988 833 4079 nselihrumde
848 3993 1011 4071 historicis
1027 3997 1215 4088 scripsisse,

975 4128 1007 4191 D
1020 4121 1029 4148 ι
