2706 4770
149 351 223 451 378
407 354 680 422 CORNELII
707 350 945 418 NEPOTIS

147 504 222 538 meus
233 484 261 536 in
277 482 385 536 maxima
398 501 487 534 rerum
502 495 580 551 atque
595 480 750 551 opinionum
767 478 893 531 varietate
906 489 1010 530 versata
1023 490 1078 542 est,
1092 478 1193 551 et,quod

147 566 303 635 plerumque
323 560 425 613 diversa
447 560 621 612 scribentibus
643 556 755 620 accidit,
776 577 831 610 non
847 559 907 629 pari
929 556 1010 609 laude
1031 559 1062 609 in
1082 560 1195 612 omuibus

148 643 234 694 Multa
249 642 384 711 utriusque
404 638 594 692 desiderantur.
609 639 727 692 Cornelii
740 638 811 690 enim
828 637 957 708 Nepotis,
974 635 1070 690 decem
1085 638 1142 690 libri
1159 658 1196 690 no·

150 723 235 784 mine,
250 740 318 772 unus
328 733 431 772 tantum
443 720 510 771 liber
520 737 550 772 re
561 731 691 789 superest;
704 717 862 782 Plutarcho,
874 729 974 786 praeter
989 736 1036 769 eos
1049 717 1095 788 qui
1110 716 1140 768 ad
1149 736 1195 769 noa·

150 813 216 852 tram
229 813 330 852 etatem
344 812 536 870 pervenerunt,
550 810 655 850 centurn
668 797 772 851 circiter
786 810 812 849 et
828 793 974 849 duodecim
994 797 1154 850 tribuuntur.
1166 798 1195 848 De

148 878 197 931 hac
212 898 274 930 vero
288 880 357 931 mole
371 898 425 931 non
440 878 589 941 immerito,
604 890 634 929 ut
649 895 707 929 mea
723 877 773 929 fert
787 876 933 942 sententia,
950 874 1007 929 dici
1027 888 1127 948 potest,
1139 872 1193 946 quud

147 956 181 1010 de
195 977 222 1010 se
242 959 299 1030 ipso
312 959 458 1019 Martialis,
475 977 529 1010 uno
546 972 634 1010 tamen
647 956 805 1027 transposito
819 955 901 1007 verbo
918 972 925 1006 :

268 1088 326 1133 Sunt
338 1087 411 1140 mala,
423 1096 476 1132 sunt
490 1085 595 1146 quedam
605 1085 744 1140 mediocria,
756 1094 809 1129 aunt
820 1084 882 1129 bona
893 1083 972 1143 plura

187 1218 242 1271 Nec
258 1239 300 1271 me
313 1221 377 1270 mala
392 1218 486 1272 dixisse
499 1219 644 1282 mirentur,
655 1218 702 1288 qui
715 1218 885 1270 Plutarchum
900 1236 931 1268 ex
946 1217 1118 1269 recentiorum
1131 1218 1191 1268 libris

148 1299 252 1369 potius,
263 1318 342 1370 quam
355 1318 386 1351 ex
401 1299 482 1370 ipsius
493 1299 630 1370 operibus,
641 1310 780 1349 noverunt.
790 1294 862 1360 Quid
878 1298 952 1348 enim
964 1310 1004 1347 est
1016 1309 1132 1348 tractatus
1145 1297 1191 1357 ille,

149 1379 188 1428 De
195 1379 262 1443 facie
279 1382 302 1428 ia
317 1379 372 1429 orbe
384 1380 483 1429 Luna?
496 1375 574 1448 quid,
591 1379 631 1430 De
640 1381 718 1446 primo
728 1376 848 1445 frigido?
860 1375 941 1446 quid,
960 1377 1001 1426 De
1016 1377 1132 1427 erudiendis
1145 1395 1190 1444 poe⁴

148 1460 179 1507 tis
189 1465 204 1507 ι’
216 1457 277 1509 lieet
289 1459 361 1510 bunc
378 1458 500 1509 ultimum
516 1477 570 1509 non
584 1458 640 1510 siue
658 1453 781 1508 laudibus
798 1468 926 1506 memoret
947 1456 1063 1525 scriptor
1078 1455 1192 1516 Gallicus,

148 1537 186 1586 La
199 1537 296 1607 Harpe,
310 1556 427 1589 summus
447 1538 615 1606 ceteroquin,
628 1533 672 1587 sed
684 1536 746 1605 qui,
759 1535 805 1585 ubi
818 1533 852 1586 de
867 1535 970 1586 Grrecis
985 1535 1054 1603 agit,
1071 1535 1145 1586 aliena
1158 1552 1192 1585 se·

149 1615 210 1686 pius
222 1635 300 1687 quam
311 1636 356 1668 sua
367 1617 465 1688 promit
475 1629 516 1681 ,et
530 1616 603 1685 quasi
614 1612 752 1666 fiduciario
765 1615 850 1665 utitur
858 1613 971 1682 judicio.
990 1615 1020 1664 ln
1033 1615 1075 1665 his
1089 1615 1190 1666 omuibus

150 1693 253 1765 siquid
274 1697 336 1746 boni
358 1698 437 1757 inest,
453 1696 581 1765 legentem
597 1713 658 1746 sane
679 1693 778 1745 fefellit.
798 1693 864 1757 Stant
881 1694 979 1755 etiam,
995 1712 1063 1763 quos
1077 1695 1158 1745 multis
1169 1693 1191 1743 in

150 1774 268 1844 partibus
280 1792 385 1825 mancos
397 1784 424 1824 et
436 1771 578 1843 indigestos
592 1771 679 1824 dicere
690 1773 791 1835 ausim,
807 1773 955 1843 praesertim
969 1791 1036 1842 quos
1052 1786 1137 1825 contra
1153 1773 1193 1823 lle·

150 1852 257 1903 rodarum
276 1865 302 1904 et
324 1852 417 1904 Stoicos
437 1853 548 1922 scripsit.
565 1851 651 1903 Multa
670 1863 758 1904 tamen
772 1852 912 1921 plerosque
928 1850 1116 1904 commendant
1127 1871 1134 1903 ε
1146 1870 1194 1903 narn

147 1945 243 2002 preter
254 1932 355 1999 varias,
368 1932 464 2002 quihus
478 1930 691 2002 distinguuntur,
707 1930 929 1995 narratiunculas,
944 1942 973 1982 et
989 1950 1036 1993 ea,
1050 1951 1106 2002 que
1117 1929 1147 1982 ad
1159 1949 1195 1982 re·

149 2022 235 2064 terum
250 2030 339 2064 mores
352 2011 471 2083 apprime
483 2008 665 2081 intelligendos
676 2011 822 2081 pertinent,
835 2010 923 2062 omnia
941 2010 971 2061 in
984 2010 1017 2062 iis
1029 2012 1142 2082 reperire
1151 2024 1195 2073 est,

149 2108 206 2161 quae
227 2090 260 2143 ad
279 2094 346 2144 bene
364 2093 491 2161 beateque
507 2088 649 2142 vivendum
666 2090 802 2140 conferant
813 2129 821 2155 ,
832 2088 1073 2160 indulgentemque
1085 2092 1165 2155 illam,
1177 2103 1198 2141 et

149 2171 221 2238 quasi
238 2172 317 2222 molle
332 2171 420 2222 neseio
436 2168 520 2240 quid,
536 2171 578 2221 vel
597 2169 624 2220 in
644 2169 700 2238 ipsa
716 2169 859 2239 gravitate,
875 2167 1063 2221 subridentem
1078 2169 1199 2223 Academi·

148 2266 239 2299 corum
266 2249 470 2318 philosophiam.
494 2249 629 2319 Praecipua
655 2265 719 2299 reru
743 2247 875 2299 Plutarchi
899 2248 958 2299 laus
974 2286 983 2312 ,
1010 2267 1119 2320 quaeque
1141 2250 1200 2302 illias

149 2344 245 2377 nomen
258 2324 289 2376 ad
301 2327 500 2377 remotissimam
512 2345 596 2396 usque
606 2327 784 2398 posteritatem
796 2326 876 2389 leret,
889 2346 959 2398 opus
976 2341 1016 2380 est
1027 2328 1092 2380 illud
1106 2331 1144 2380 De
1152 2334 1202 2380 avitu

146 2405 280 2475 parallelis.
294 2404 351 2456 Hoc
367 2417 468 2457 tantum
485 2405 593 2459 nomine
608 2406 652 2458 bic
664 2404 790 2459 dicendus
807 2405 900 2471 nobis,
915 2420 941 2458 et
956 2424 1021 2459 cum
1035 2409 1132 2479 Nepote
1144 2426 1201 2460 cun·

148 2484 279 2539 ferendus.

190 2567 221 2617 ln
231 2566 323 2637 primis
332 2569 474 2621 verborum
484 2569 721 2633 constructionem,
731 2569 920 2641 proprietatem
932 2581 960 2620 et
970 2568 1120 2640 elegantiam
1130 2567 1201 2618 multi

152 2645 307 2709 advertunt,
318 2660 395 2718 atque
408 2649 457 2700 hac
469 2649 615 2719 presertim
630 2647 735 2701 dicendi
754 2661 823 2713 arte,
837 2649 906 2700 inter
918 2648 1066 2718 scriptores
1077 2646 1109 2700 de
1120 2644 1203 2698 edem

150 2744 179 2777 re
193 2723 371 2796 disputantes,
385 2726 506 2779 ordinem
520 2728 643 2798 assignari
659 2747 735 2799 posse
750 2728 919 2780 arbitrantur.
936 2725 992 2779 Hic
1009 2725 1116 2798 quidem
1130 2727 1204 2798 pluri·

150 2823 224 2857 mum
238 2806 307 2857 inter
326 2825 353 2857 se
369 2805 496 2859 differunt
516 2807 671 2859 Plutarchus
684 2820 710 2860 et
725 2806 814 2877 Nepos
830 2824 836 2858 :
852 2824 904 2877 qua
928 2824 996 2858 vero
1016 2826 1095 2861 causa
1113 2819 1203 2859 tantan

149 2882 307 2937 discriminis
320 2886 437 2950 intersit,
453 2887 543 2958 paucis
553 2886 747 2956 explicabimus.

189 2963 250 3016 Post
269 2965 398 3016 Graeciam
420 2984 433 3017 a
454 2966 559 3036 regibus
582 2964 757 3018 Macedonum
778 2965 929 3027 subactam,
948 2965 1082 3035 paulatim
1108 2980 1133 3018 et
1158 2965 1204 3016 iere

152 3043 224 3094 nulla
236 3044 366 3096 intellecta
382 3047 543 3108 mutatione,
558 3046 585 3097 in
606 3063 717 3115 pravum
738 3043 889 3113 detorqueri
906 3045 990 3115 coepit
1006 3047 1096 3116 lingua
1109 3046 1204 3106 (ima,

151 3134 177 3174 et
189 3141 202 3173 a
216 3134 288 3174 recto
299 3123 346 3175 illo
360 3126 479 3188 tramite,
491 3142 570 3196 quem
582 3124 667 3189 Plato,
677 3121 862 3193 Thucydides,
876 3123 1026 3194 Sophocles
1038 3137 1092 3177 tarn
1105 3122 1204 3177 feliciter

151 3201 280 3265 inierant,
292 3204 429 3273 paululum
445 3202 590 3257 deflectere.
605 3204 687 3268 Mox,
701 3221 781 3273 quum
796 3202 874 3253 alieni
889 3204 988 3273 populi
1004 3205 1168 3274 ingruerent,
1182 3213 1203 3253 et

151 3292 207 3331 tum
221 3280 408 3334 Mithridaticis
423 3285 501 3335 rebus
513 3283 622 3353 aliisque
633 3283 721 3346 bellis,
735 3295 790 3334 tum
802 3283 879 3352 longa
892 3283 1078 3335 Romanorum
1093 3282 1200 3335 domina·

150 3360 234 3423 tione,
248 3361 410 3431 frequentius
423 3363 492 3415 inter
504 3363 610 3415 Graecos
619 3374 644 3413 et
652 3363 780 3414 Barbaros
791 3361 981 3413 commercium
998 3363 1120 3414 habitum
1132 3374 1200 3423 esset,

150 3439 247 3490 malum
265 3441 383 3493 invaluit.
399 3443 476 3493 Tunc
491 3440 598 3512 quidam
617 3442 763 3494 litterarum
781 3439 979 3511 impendentem
1000 3442 1074 3493 illam
1092 3442 1199 3501 minata,

150 3534 230 3587 quum
250 3521 358 3571 omnino
375 3522 518 3591 probibere
534 3521 688 3591 nequirent,
705 3521 795 3571 saltem
813 3518 949 3571 retardare
966 3532 1152 3583 tentaverunt,
1165 3531 1197 3579 et,

148 3594 220 3667 quod
235 3597 262 3648 in
275 3597 325 3650 hac
335 3599 485 3668 linguarum
497 3598 649 3652 conditione
662 3598 733 3670 apud
742 3617 832 3650 omnes
845 3612 935 3669 gentes
946 3599 1120 3652 commodum
1133 3610 1196 3656 esset,

149 3676 310 3747 optimorum
323 3679 391 3729 inter
406 3692 506 3731 veteres
517 3692 543 3731 et
555 3680 655 3732 Atticos
667 3679 811 3750 presertim
824 3679 983 3749 scriptorum
997 3680 1115 3750 vestigiis
1132 3694 1193 3750 qum

148 3755 310 3809 tenacissime
325 3757 493 3810 institerunt:
510 3756 581 3811 uude
596 3760 762 3812 Atticistamm
780 3776 875 3810 nomen
889 3757 942 3810 illis
956 3757 1085 3811 inditum.

187 3833 239 3887 Sed
256 3832 319 3885 dum
337 3837 430 3906 pauci,
446 3838 496 3889 tale
513 3839 660 3909 exemplum
681 3839 775 3901 secuti,
792 3835 825 3888 ad
841 3837 972 3889 Pericleos
992 3839 1080 3890 fontes
1102 3836 1194 3889 adm

147 3914 257 3967 flumine
269 3914 436 3986 navigarent,
450 3917 538 3986 plures
555 3918 662 3970 incursu
675 3917 799 3970 torrentis
817 3934 871 3969 sese
887 3917 945 3987 rapi
962 3917 1099 3981 siverunt,
1112 3917 1137 3968 iu
1149 3911 1193 3983 μί·

148 3994 249 4067 tuisque
261 3995 432 4064 Plutarchus,
443 3997 489 4067 qui
502 3997 615 4052 mixtum
627 3995 760 4068 quoddam
775 4008 801 4050 et
814 3994 994 4051 adulterinum
1008 3994 1114 4050 dicendi
1126 4007 1194 4064 geas
