2768 5198
162 688 235 761 382
422 686 688 756 CORNELII
717 683 948 753 NEPOTIS

159 821 251 885 Quum
265 816 336 870 enim
348 816 501 868 Anaxarcho
517 814 617 866 invisus
631 826 698 865 esset
713 813 881 879 Nicocreon,
905 814 990 884 Cypri
1010 827 1145 886 satrapes,
1168 830 1218 871 etr

161 896 321 970 philosopho
334 892 482 947 Alexander
497 907 558 965 post
570 893 743 945 lautissimum
753 891 897 963 prandium
912 893 1043 965 petiisset,
1057 893 1127 965 quid
1138 895 1166 947 in
1178 898 1220 950 tali

163 976 285 1031 convivio
300 986 387 1045 posset
402 972 564 1026 desiderari:
582 973 758 1024 &tarnim
774 993 822 1035 m,
840 972 928 1044 inquit
942 973 1130 1037 Anaxarchus,
1146 975 1221 1028 Nico·

162 1069 269 1110 creonta
284 1053 445 1122 intelligens,
463 1072 542 1123 nempe
560 1064 665 1122 sumpte
684 1051 805 1122 cttjusdam
818 1063 899 1122 caput.
921 1053 1063 1118 Ceterum,
1079 1051 1154 1124 quod
1170 1074 1221 1108 unu

102 1183 105 1188 .
165 1133 292 1188 intellexit
304 1132 472 1195 Plutarchus,
490 1132 636 1185 Nicocreon
655 1132 755 1201 optime
772 1131 948 1196 intellexerat,
965 1150 1061 1202 magno
1075 1133 1221 1187 Anaxarchi

163 1214 246 1277 malo,
257 1231 336 1282 quern
348 1229 430 1281 quum
440 1212 469 1263 in
480 1211 600 1282 Cyprum
614 1211 726 1264 insulam
739 1223 877 1282 tempestas
892 1208 1040 1277 detulisset,
1057 1224 1169 1284 captum
1184 1213 1221 1266 iu·

164 1291 248 1345 terfici
261 1291 338 1362 jussit
353 1310 440 1341 memor
454 1294 490 1341 ira
503 1294 607 1363 tyranni.

203 1372 294 1435 Quum
311 1389 373 1440 ergo
390 1383 431 1422 tot
448 1382 571 1441 tantaque
582 1371 636 1422 sint
651 1369 718 1423 etin
732 1369 821 1422 verbis
835 1369 902 1423 etin
917 1369 1071 1430 sententiis,
1084 1389 1146 1442 qun
1163 1371 1222 1424 Plu·

164 1449 255 1504 tancho
271 1450 336 1501 vitio
351 1463 452 1502 vertere
466 1452 525 1519 jure
538 1451 637 1521 possis,
647 1469 695 1502 cur
708 1447 814 1502 taudem
828 1448 872 1502 ille
881 1448 987 1501 Grecos
998 1450 1069 1502 inter
1083 1450 1222 1504 historicos

163 1548 223 1583 cum
237 1527 387 1592 Herodoto,
401 1527 575 1599 Thucydide,
587 1528 765 1600 Xenophonte
777 1528 878 1600 primas
888 1527 976 1580 tenet?
988 1528 1045 1582 Cur
1053 1529 1089 1582 ab
1101 1530 1223 1583 omnibus

164 1607 248 1661 doctis
259 1609 323 1661 viris
336 1609 400 1660 tanti
411 1607 454 1673 fit,
468 1621 498 1660 ut
511 1607 618 1699 quidam
631 1609 820 1679 interrogatus,
835 1626 915 1679 quem
923 1626 1057 1677 superesse
1070 1609 1177 1676 mallet,
1188 1609 1221 1674 ri,

164 1707 219 1741 uno
233 1701 355 1758 excepto,
371 1706 462 1740 omnes
476 1689 577 1758 antiqui
590 1687 730 1757 scriptores
746 1684 913 1739 desiderandi
931 1687 1034 1751 forent,
1050 1649 1222 1743 Plutarchum

163 1765 345 1838 responderit?
367 1767 444 1820 Cur'
436 1786 464 1818 an
479 1767 526 1819 illo
541 1765 673 1837 legendo
663 1766 781 1838 juniores
794 1766 906 1818 simulet
918 1785 991 1818 senes
997 1766 1096 1837 ,quod
1111 1787 1222 1842 perpau-

166 1847 204 1899 cis
224 1844 368 1898 admodum
390 1846 516 1916 contigit,
536 1859 672 1917 tantopere
695 1843 875 1898 delectantur?
897 1846 953 1898 Cur
973 1846 1084 1899 Boeotise
1102 1846 1221 1921 oppiduli

165 1925 267 1990 incola,
285 1923 332 1977 diu
347 1938 405 1996 post
420 1925 528 1976 Grecis
543 1926 653 1996 gloriam
669 1937 761 1990 nanu,
773 1925 976 1977 Atheniensibus
991 1925 1045 1977 illis
1057 1938 1085 1979 et
1102 1926 1221 1981 Pericleia

164 2023 212 2075 par
225 2005 253 2056 in
268 2003 423 2074 quibusdam
439 2004 571 2074 partibus,
591 2005 658 2056 fama
674 2005 793 2076 superior
812 2003 911 2057 evasit?
931 2005 1042 2057 Duobus
1054 2006 1221 2077 potissimum

164 2084 248 2136 causis
262 2082 291 2134 id
306 2081 477 2136 tribuendum
492 2084 614 2136 arbitror.
635 2084 753 2136 Primum
767 2085 838 2136 euim
855 2083 943 2136 nullus
959 2084 1068 2138 fortasse
1082 2085 1221 2140 Plutarcho

165 2165 250 2233 major
264 2163 291 2213 iu
311 2160 483 2237 describendo
501 2163 563 2227 tuin
583 2164 628 2234 qui
642 2176 695 2215 tam
706 2163 843 2234 graphice,
858 2175 888 2215 ut
903 2163 989 2228 aiunt,
1010 2183 1067 2216 reru
1086 2164 1220 2238 depingit,

165 2254 260 2294 utnon
274 2242 359 2293 solum
372 2255 504 2294 narratam
515 2241 619 2306 andire,
631 2241 675 2294 sed
688 2243 743 2313 ipse
759 2241 847 2294 adesse
857 2240 1016 2306 credideris;
1030 2256 1158 2316 tantaque
1170 2259 1222 2298 arte

165 2321 255 2373 omnia
269 2319 400 2392 disponit,
415 2334 458 2387 ut,
477 2323 521 2374 vix
538 2322 636 2374 librum
651 2321 771 2374 evolvere
790 2323 917 2394 coeperis,
934 2321 1031 2374 vividis
1046 2324 1186 2377 affectibus
1197 2337 1222 2377 et

164 2403 321 2472 prepotenti
329 2401 428 2472 impetn
438 2401 605 2474 raptus,huic
613 2400 771 2472 perlegendo
784 2399 927 2467 adhaereas,
940 2402 1052 2454 velutin
1066 2403 1122 2456 illis
1132 2401 1223 2456 accidit

165 2481 351 2533 commentitiis
368 2482 575 2545 narrationibus,
589 2482 726 2551 inquibus
742 2482 841 2532 auctori
857 2480 981 2551 quelibet
992 2480 1097 2552 firrgere
1112 2481 1222 2536 daturet

164 2578 213 2611 suo
226 2559 335 2611 arbitrio
343 2579 384 2612 res
394 2559 525 2614 ordinare.
542 2559 614 2624 Quid
626 2574 711 2612 autem
723 2560 751 2612 in
766 2560 807 2612 his
817 2559 911 2612 fabulis
922 2560 1149 2630 magnificentius,
1159 2560 1220 2633 quid

166 2637 319 2699 formosius,
335 2656 414 2705 quam
430 2658 512 2707 quum
525 2640 678 2710 Cleopatra,
692 2638 746 2690 imo
755 2641 888 2692 Venerem
902 2641 985 2709 ipsam
997 2637 1128 2707 dixerim,
1138 2644 1220 2713 prima

166 2716 223 2767 vice
238 2716 383 2767 Antonium
402 2716 569 2786 aggreditur?
588 2717 660 2781 Quid
676 2718 884 2785 lamentabilius,
898 2738 977 2789 quam
993 2719 1078 2772 Nicias
1093 2734 1121 2774 et
1143 2721 1219 2775 Athe·

165 2795 296 2846 niensium
305 2794 332 2845 in
348 2794 451 2861 Sicilia,
465 2796 550 2847 Crassi
561 2809 587 2847 et
604 2799 782 2849 Romanorum
795 2799 822 2850 in
837 2798 977 2850 Parthiene
992 2797 1097 2852 clades?
1108 2800 1183 2866 Quid
1193 2802 1219 2853 iu

166 2874 223 2946 ipso
237 2874 352 2926 Homero
369 2876 561 2946 τραγικώτιρον,
582 2896 661 2947 quam
680 2875 746 2928 illud
765 2878 915 2930 Corneliam
932 2878 1002 2930 inter
1021 2892 1048 2931 et
1064 2880 1218 2952 Pompeium

164 2955 273 3025 longum
293 2974 497 3027 supremumque
516 2956 591 3008 vale?
611 2975 690 3027 quam
714 2957 898 3009 Demosthenis
919 2969 946 3008 et
967 2956 1066 3021 Tullii,
1089 2960 1179 3013 Porcii
1194 2971 1217 3012 et

164 3034 317 3098 Phocionis,
331 3035 469 3099 Eumenis,
484 3036 611 3100 Sertorii,
625 3037 821 3102 Gracchorum,
837 3036 1043 3106 Philopoemenis
1056 3051 1084 3090 et
1100 3052 1141 3092 tot
1154 3040 1218 3092 illus·

165 3115 246 3166 trium
262 3115 379 3166 virorum
395 3113 495 3167 cedes?
519 3115 660 3186 Plerosque.
678 3116 748 3167 enim
764 3128 871 3167 cruenta
886 3134 957 3167 mors
971 3116 1131 3188 intercepit,
1150 3119 1217 3191 quasi

164 3194 225 3246 sita
239 3206 332 3246 natura
346 3208 542 3264 comparatum,
562 3209 591 3247 nt
603 3196 667 3247 viris
681 3195 745 3260 illis,
766 3196 810 3265 qui
829 3195 919 3247 omnia
933 3195 1034 3247 circum
1049 3215 1077 3248 se
1095 3211 1216 3260 movent,

163 3274 252 3325 omnia
263 3292 367 3343 quoqne
383 3273 490 3326 infensis
504 3275 597 3326 animis
610 3275 753 3340 obsistant,
766 3288 792 3326 et
804 3275 884 3344 gloria
896 3275 965 3344 ipsa,
978 3275 1021 3326 cui
1036 3288 1107 3328 tanta
1121 3275 1217 3349 cupidi·

164 3365 216 3405 tate
228 3352 346 3418 inhiant,
360 3354 433 3423 quasi
445 3353 587 3405 Horatiana
605 3355 649 3406 illa
667 3354 826 3417 Necessitas,
841 3373 910 3404 manu
924 3366 1003 3423 gestet
1013 3356 1092 3406 altem
1104 3369 1216 3416 catenas,

164 3444 191 3485 et
206 3433 296 3495 exilia,
311 3446 336 3486 et
352 3451 437 3498 enses,
456 3445 481 3484 et
493 3453 601 3486 venena.

203 3513 237 3564 At
249 3531 303 3563 non
318 3513 451 3582 egregium
464 3511 544 3564 modo
555 3525 717 3565 narratorem
730 3531 819 3565 rernm
831 3513 858 3564 in
871 3513 1013 3565 Plutarcho
1024 3515 1159 3578 inveniasa
1173 3513 1216 3567 sed

165 3591 259 3654 etiam,
272 3610 330 3661 quac
345 3589 451 3660 quidem
468 3593 506 3644 illi
519 3594 650 3663 praecipua
666 3593 722 3644 lans
735 3605 786 3656 est,
802 3612 906 3644 morum
920 3594 1098 3646 felicissimum
1112 3594 1216 3666 indaga·

165 3683 271 3736 torem,
287 3671 530 3741 enuntiatoremque
546 3672 741 3743 peritissimum.
757 3671 864 3741 Optime
882 3673 952 3724 enim
965 3673 1143 3739 intellexerat,
1157 3670 1215 3746 qnid

166 3750 293 3819 propositi
309 3751 406 3802 habere
420 3748 513 3803 debeat
529 3753 566 3814 is,
588 3753 634 3822 qni
648 3752 715 3803 vitas
726 3752 857 3803 clarorum
872 3752 990 3804 virorum
1005 3754 1153 3824 scripturus
1167 3766 1213 3818 est;

165 3846 260 3898 nempe
275 3829 346 3881 viros
356 3830 473 3901 prebere
487 3832 568 3883 veluti
581 3835 643 3882 intur
653 3844 678 3881 et
692 3834 716 3881 in
731 3843 783 3881 cute
798 3832 967 3902 conspicuos,
981 3851 1030 3884 nec
1043 3833 1151 3903 publica
1165 3846 1215 3886 tau·

165 3918 220 3959 tum
238 3907 320 3974 facta,
339 3907 385 3961 sed
399 3912 514 3980 privatos
533 3929 638 3981 quoqne
654 3930 754 3974 mores,
769 3912 870 3981 privata
889 3910 959 3963 dicta
974 3912 1003 3964 iu
1016 3913 1214 3965 commentarios

165 3986 271 4039 referre.
296 4013 307 4033 ι
318 3988 399 4052 Nam,
415 4003 445 4041 nt
459 3991 514 4059 ipse
529 4002 669 4053 memorat,
685 3991 713 4042 in
728 3990 858 4060 plerisque
871 3992 967 4042 horum
978 3991 1099 4043 virorum
1106 3991 1213 4063 publicis

169 4091 180 4113 ι
192 4066 367 4128 facinoribus,
386 4068 498 4120 fortunar
510 4069 622 4120 niaximn
635 4089 694 4140 pars
707 4068 845 4121 tribuenda
862 4083 914 4132 est;
928 4071 949 4122 si
964 4068 1030 4140 quid
1042 4090 1106 4123 vero
1124 4069 1210 4143 privati

169 4173 180 4193 ι
191 4145 317 4207 fecerint,
332 4147 353 4197 si
364 4165 415 4216 qus
424 4148 503 4199 verba
512 4145 640 4212 dixerint,
656 4149 683 4199 in
696 4149 752 4211 his,
767 4150 848 4201 veluti
862 4150 889 4200 in
904 4148 1020 4220 quodam
1033 4153 1159 4220 speculo,
1172 4168 1211 4203 ω·

168 4226 324 4295 agitationes
343 4225 410 4295 ipsas
425 4239 450 4277 et
465 4226 584 4278 intimam
602 4242 716 4280 mentem
728 4226 925 4298 deprehendere
942 4241 988 4281 est.
998 4255 1009 4275 ι
1033 4231 1100 4293 Quae
1109 4229 1212 4301 quidem

162 4306 277 4377 apertius
288 4318 314 4357 et
322 4305 404 4358 fusius
418 4305 479 4357 alibi
488 4307 598 4376 explicat
612 4327 618 4359 :
640 4336 650 4354 n
660 4310 721 4360 Non
731 4327 790 4378 ego,
809 4308 910 4378 inquit,
924 4308 1046 4360 historias
1055 4309 1160 4377 scribo,
1172 4306 1213 4364 sed
