2768 5198
164 723 239 797 306
347 723 351 732 ’
426 726 692 795 CORNELII
719 727 952 798 NEPOTIS

161 861 333 930 habuerim
350 856 485 944 liberos,
507 845 628 953 partis⁶
648 883 763 929 eorum
786 857 927 929 tolerare
941 912 952 948 ,
966 873 1069 955 atque
1086 884 1224 947 curare,

161 983 199 1037 ut
220 989 319 1060 quarn
337 965 509 1033 minimum
528 963 755 1035 sollicitudinis
769 968 804 1034 in
818 979 951 1036 senecta
963 965 1148 1055 haberem,
1164 972 1222 1039 uti·

160 1073 255 1169 que⁷,
276 1095 490 1165 quaecumque
505 1095 637 1167 ageres,
651 1095 691 1140 ea
705 1071 807 1141 velles
819 1075 962 1142 maxime
975 1073 1059 1142 mihi
1074 1072 1223 1169 placem

161 1195 259 1273 atque
274 1178 321 1245 uti
336 1176 427 1246 nefas
447 1177 605 1265 haberes,
624 1202 735 1247 rerum
746 1179 911 1271 majorum
922 1177 1102 1249 adversum
1116 1206 1223 1252 meam

161 1268 376 1356 sententiam⁸
392 1283 570 1377 quidquam
592 1284 711 1353 faeere.
731 1287 917 1354 Praesertim
937 1285 1037 1373 mihi,
1055 1288 1110 1356 cui
1121 1310 1222 1382 parve

161 1415 238 1488 pars
262 1391 337 1457 vitae
367 1403 535 1484 superest,
560 1415 601 1458 ne
629 1390 662 1458 id
688 1389 823 1486 quidem
857 1405 925 1460 tani
956 1391 1058 1461 breve
1082 1395 1222 1486 spatium

160 1512 270 1593 potest
286 1493 455 1589 opitulari,
474 1498 555 1589 quin
571 1511 605 1565 et
621 1498 701 1566 mihi
716 1495 916 1583 adverseris,
934 1512 968 1565 et
984 1497 1221 1592 rempublicam

160 1603 325 1699 prolliges.
341 1602 493 1695 Denique
509 1625 582 1695 quae
594 1601 717 1696 pausa⁹
731 1600 868 1671 erit?Et
880 1603 1013 1697 quando
1024 1603 1154 1673 desinet
1173 1605 1221 1674 fa·

160 1708 248 1778 milia
279 1721 393 1776 nostra
420 1706 582 1776 insanire?
606 1710 651 1777 Et
681 1708 814 1802 quando
838 1708 958 1777 modus
986 1710 1017 1778 ei
1038 1711 1088 1778 rei
1109 1711 1220 1780 haben'

160 1812 355 1912 poterit?Et
367 1813 500 1907 quando
517 1813 714 1897 desinemus,
728 1828 762 1883 et
772 1813 942 1901 habentes,
954 1829 987 1883 et
998 1815 1183 1909 praebentes
1189 1816 1221 1901 ¹⁰,

161 1920 316 1991 molestiis
344 1917 523 1988 desistere?
547 1922 591 1988 Et
614 1920 748 2015 quando
775 1920 994 2014 perpudescet
1007 1920 1029 1944 ¹¹
1057 1922 1222 1993 miscenda

160 2042 259 2122 atque
277 2023 502 2120 perturbanda
518 2024 710 2120 republica?
722 2025 787 2096 Sed
808 2027 835 2096 si
856 2029 992 2095 omnino
1013 2025 1047 2095 id
1064 2026 1138 2096 fieri
1157 2054 1222 2099 non

160 2147 285 2229 potest,
303 2131 360 2199 ubi
381 2155 444 2225 ego
465 2145 597 2201 mortua
615 2157 692 2219 ero,
711 2133 814 2228 petito
830 2132 1052 2221 tribunatum,
1074 2150 1152 2229 post
1171 2161 1238 2219 me·

160 2238 276 2326 facito,
291 2235 380 2331 quod
399 2234 540 2326 lubebit,
561 2263 664 2332 quum
680 2262 742 2335 ego
757 2263 826 2308 non
844 2241 992 2309 sentiam.
1005 2239 1074 2309 Ubi
1092 2254 1222 2311 mortua

161 2370 236 2431 ero,
249 2341 438 2441 parentabis
451 2344 549 2432 mihi,
562 2359 596 2413 et
610 2344 779 2415 invocabis
787 2343 887 2414 deum
902 2350 1074 2440 parentem
1082 2345 1116 2414 ¹².
1129 2350 1171 2416 In
1183 2372 1220 2418 eo

161 2466 311 2547 tempore
344 2475 413 2519 non
437 2450 541 2544 pudet
565 2465 599 2520 te
625 2475 742 2521 eorum
772 2447 871 2520 deum
898 2476 1013 2546 preces
1038 2466 1220 2547 expetere,

162 2582 244 2652 quos
257 2610 267 2645 ,
281 2559 376 2625 vivos
396 2571 495 2651 atque
513 2571 705 2652 presentes,
725 2554 856 2627 relictos
876 2571 975 2652 atque
995 2558 1145 2629 desertos
1164 2560 1221 2629 ba·

164 2660 300 2732 bueris?
320 2663 373 2731 Ne
402 2661 456 2730 ille
481 2665 565 2732 sinat
587 2665 734 2758 Jupiter,
760 2677 793 2732 te
815 2649 883 2732 ea'³
905 2689 1136 2758 perseverare,
1163 2690 1220 2737 nec

204 2842 231 2892 6.
252 2837 344 2889 Parus.
370 2836 500 2907 Antique,
516 2850 544 2890 et
555 2837 671 2891 Sallustii
713 2838 792 2891 tibus.
806 2838 884 2891 Erret
897 2857 1003 2910 quoque
1015 2838 1176 2907 Salmasius,
1190 2839 1220 2894 ed

164 2928 412 2988 more,proparees.
713 2916 847 2983 solinum,
862 2918 1065 2984 exnunc
1080 2920 1218 2994 dupio„

205 3018 232 3070 7.
252 2997 352 3068 Utique,
369 3015 420 3067 pro
430 3008 455 3048 et
462 2999 507 3050 uti.
716 2997 788 3067 ²9³·
803 2997 862 3061 hac,
875 3010 906 3049 nt
917 3010 1008 3068 putet,
1022 2998 1219 3054 emendatione:

205 3079 233 3132 8.
247 3077 380 3130 Adversron
389 3096 463 3128 meam
472 3081 618 3130 sententiam.
625 3076 672 3130 Me
713 3076 838 3130 lavorabis
846 3076 903 3129 deos
914 3096 993 3130 meme
1001 3085 1128 3149 pamu's,·
1136 3099 1221 3152 quem

164 3171 256 3213 contre
270 3157 407 3210 sentiente.
712 3157 753 3210 vis
766 3154 793 3208 id
808 3157 904 3229 probet
917 3156 1039 3211 Gramine
1055 3158 1089 3212 ad
1101 3160 1219 3215 ciceron.

207 3257 234 3307 9.
250 3238 342 3290 Pausa.
356 3240 467 3301 Παῦσις,
476 3233 552 3301 linia,
565 3235 648 3308 quies
714 3236 767 3289 Pro
775 3235 1048 3301 domo,XI.1.Grecn
1058 3252 1100 3293 est
1110 3239 1219 3305 locutio.

208 3337 252 3370 10.
261 3315 396 3377 Habentes,
407 3326 432 3367 et
435 3314 576 3386 praebentes.
588 3315 638 3368 Alii
647 3328 672 3367 et
714 3316 832 3386 ξυγγιιιῖς
841 3316 883 3369 eei
890 3318 997 3388 ὀμόγιιοι
1004 3320 1054 3373 bsai
1062 3356 1071 3384 ,
1076 3322 1177 3390 paterni
1180 3328 1221 3371 eet

166 3396 272 3449 absentee
285 3409 309 3448 et
323 3408 459 3467 preeuntes.
483 3393 510 3448 Si
524 3394 592 3448 illud
607 3414 672 3467 pru·
714 3400 815 3448 materni
836 3396 885 3460 det,
905 3415 956 3467 pm
976 3396 1041 3468 ipsis
1056 3399 1218 3471 perentibus.

165 3477 449 3542 seretur‚sensueest:
463 3475 673 3528 ineummenos·
714 3475 800 3528 Testis
817 3475 852 3528 eit
871 3474 964 3539 Plato,
983 3476 1046 3548 leg.
1061 3478 1100 3544 V,
1118 3499 1156 3545 a,
1176 3477 1219 3531 ubi

167 3567 208 3609 tra
221 3556 355 3628 opulentia
368 3568 395 3609 et
403 3555 567 3609 liberalitate.
579 3555 622 3609 sic
631 3574 673 3608 su·
714 3554 777 3607 Lex.
803 3555 917 3609 simei:
941 3546 1057 3628 ὁμόγνιοι
1078 3559 1149 3623 trel,
1170 3558 1218 3611 den

164 3636 298 3708 pre,c.V,
312 3635 477 3688 bahemTas.
714 3634 833 3706 ξυγγιιιῖς
852 3642 936 3697 κοινῶς
949 3636 1109 3706 ὄργιάζουσιν.
1138 3636 1220 3691 Testis

208 3732 253 3772 ιι.
267 3715 434 3786 Pevpudeseet.
440 3714 561 3767 Verbum
571 3732 672 3781 rernm,
715 3713 809 3768 Cicero
822 3713 896 3787 ipee,
911 3715 1067 3786 qui.quum
1078 3716 1220 3789 scripsisse

165 3811 225 3847 rara
239 3795 319 3848 etiam
332 3807 536 3848 structurarum
549 3793 671 3847 ablativo.
714 3794 838 3866 Xenoph.
855 3795 956 3867 Cyrop.
966 3795 1053 3862 vm,
1070 3814 1108 3867 7,
1123 3795 1166 3849 ael
1178 3797 1218 3852 sb

165 3874 206 3927 lte
219 3874 273 3926 iere
282 3873 358 3943 pudet
370 3872 587 3928 dietu'l'acituein
599 3873 673 3946 Agri
714 3874 774 3944 ipis
796 3874 872 3944 ψυχὴν
895 3870 1104 3947 καταιδούμιιοι,
1130 3872 1219 3929 eodem

166 3952 236 4017 cole,
251 3953 367 4008 xxm.
386 3960 445 4007 Tne.
715 3951 796 4006 modo
810 3953 890 4007 vertit
911 3953 967 4006 bec
981 3956 1063 4008 verbe
1083 3955 1152 4028 Cyri
1166 3972 1218 4008 mo·

101 4096 105 4101 ·
210 4050 253 4085 ιι.
269 4033 348 4085 Deum
362 4044 494 4104 parentem.
516 4034 613 4086 Errant
626 4032 672 4103 qui
715 4033 825 4101 rieutie,
842 4035 993 4088 Desenect.
1021 4053 1077 4089 aa:
1100 4034 1218 4089 «Sicine

164 4112 258 4164 lovem
282 4125 396 4183 putent,
418 4111 531 4165 deorum
553 4124 673 4183 patrem,
715 4113 865 4166 colitoteut
879 4111 992 4167 deum.»
1009 4115 1091 4180 Quasi
1102 4112 1219 4186 ψυχὴὴίι

165 4203 243 4263 etque
264 4189 325 4244 ideo
347 4192 487 4244 lectionem
506 4210 562 4244 ιιοιι
583 4210 673 4245 renam
715 4193 750 4245 eit
761 4188 872 4263 δαίμων,
884 4192 977 4258 idest,
987 4206 1114 4265 paternus
1126 4194 1199 4248 dene.

165 4270 348 4343 auspicentur,
368 4283 479 4342 propter
502 4272 673 4325 remotiorem
758 4278 799 4325 ιδ.
815 4273 865 4324 Ea.
880 4273 932 4326 Vel
942 4291 972 4349 ea
983 4273 1169 4340 ratione‚vie;
1181 4272 1218 4326 vel

165 4369 269 4404 senem
296 4368 446 4422 nexumque
475 4369 537 4405 cum
564 4370 674 4424 sequen·
715 4351 869 4424 simpliciter
890 4365 929 4407 eet
952 4355 1137 4422 aecusativus,
1164 4370 1220 4409 eun
