2768 5198
174 709 251 781 320
340 710 569 780 tomis
594 710 751 777 lllill'll.
778 709 1067 779 sensuum.

172 844 224 908 nl,
244 844 298 905 st,
318 843 364 894 obi
388 842 528 911 imaginem
548 839 656 892 Cornelii
671 837 866 909 ἆφίιιςειιάιιι
883 838 971 891 emito
988 857 1040 892 sno
1057 836 1229 893 matht.

172 922 366 974 veronensium
387 940 478 972 rerum
498 921 640 990 scriptores
657 921 818 971 reontims
840 918 953 971 futu
970 918 1086 989 patriam
1102 919 1230 991 triguant

172 1001 328 1061 Hostiliam,
341 998 582 1071 oppiduminagro
595 998 761 1063 l'ermsenri,
775 995 932 1069 quodsum
948 997 1059 1066 θεῷ·
1078 998 1229 1069 appellatur.

171 1081 295 1133 Testatur
317 1081 455 1150 onuphrius
471 1080 602 1130 Pars-isius
618 1078 794 1144 Veronensis,
813 1078 841 1128 iu
858 1077 978 1148 catalogo
991 1078 1138 1130 illustrium
1152 1078 1230 1150 suip-

172 1171 261 1211 tornm
273 1159 482 1221 l'eronensinrn,
496 1159 566 1210 eires
575 1177 637 1209 suus
652 1157 764 1210 cunm
774 1156 879 1226 Nepoti,
893 1170 1017 1227 tanquam
1029 1158 1124 1227 patrie
1130 1155 1229 1221 deutri,

171 1239 242 1290 inm
263 1238 329 1289 alios
349 1239 464 1290 illustres
485 1238 650 1289 veronenses
669 1237 777 1308 publiea
799 1237 955 1299 missitare
974 1248 1089 1288 minan
1109 1237 1228 1308 pnsum

171 1316 252 1382 Quod
265 1319 303 1369 ob
316 1336 421 1369 morum
435 1319 514 1369 etiam
531 1318 690 1388 probitatem
709 1317 738 1367 in
752 1334 845 1386 inagna
865 1316 1058 1368 existimatione
1074 1317 1157 1368 luerit
1172 1315 1228 1368 sar·

172 1398 261 1457 rebus,
277 1398 410 1467 egregium
428 1397 541 1449 habetur
554 1397 632 1447 Plurii
645 1396 833 1447 testimouium.
856 1397 882 1448 ls
893 1396 979 1457 enim,
997 1408 1029 1446 ut
1043 1396 1227 1448 versiculorum

172 1495 279 1529 suorum
295 1477 432 1529 liberiores
443 1479 516 1547 jocos
531 1476 655 1546 lassusque
671 1488 822 1533 esmant,
837 1475 866 1526 in
886 1474 996 1545 epistola
1007 1472 1042 1526 ad
1060 1475 1228 1537 Aristonea,

173 1557 209 1619 V,
226 1557 252 1619 3,
267 1556 423 1608 clarissimos
444 1568 580 1608 enumerat
599 1556 668 1606 inter
687 1555 821 1606 Romanos
840 1554 934 1614 risos,
950 1554 1126 1625 imperatores
1140 1555 1227 1619 etiam,

171 1636 319 1698 mmm,
341 1638 505 1706 Augustum,
531 1635 663 1698 Nervam,
681 1632 772 1686 eodem
791 1634 897 1685 liuentia
918 1651 997 1695 usos,
1016 1647 1044 1685 et
1068 1633 1107 1684 ita
1128 1634 1227 1705 pergit:

175 1739 187 1760 ι
202 1714 338 1767 Neronem
354 1717 426 1766 enim
440 1728 560 1778 transeo,
577 1714 699 1784 quamvis
715 1714 809 1777 seiam,
831 1732 887 1765 non
904 1713 1039 1783 coemmpi
1055 1713 1086 1764 in
1101 1711 1227 1777 deterius,

175 1819 187 1840 ι
200 1812 260 1864 quar
272 1792 414 1865 aliquando
426 1795 529 1847 etiams
541 1795 629 1857 malis,
644 1792 690 1845 sed
701 1793 811 1845 honesta
821 1811 942 1853 manne,
956 1809 1016 1862 qun
1026 1793 1124 1862 sepios
1132 1810 1147 1844 ι
1156 1793 1228 1845 bouis

175 1898 187 1921 ι
200 1876 277 1925 liunt.
294 1874 366 1926 luter
379 1893 447 1945 quos
459 1873 500 1925 vel
520 1874 653 1943 precipue
666 1871 844 1925 numerandus
856 1885 895 1923 est
907 1870 937 1923 P.
948 1872 1091 1941 Virgilius,
1108 1872 1227 1925 comus

174 1977 187 2000 ι
201 1952 295 2023 Nepos,
317 1966 344 2005 et
362 1954 438 2024 prius
457 1953 560 2004 Ennius
576 1953 737 2023 Acciusque3
762 1971 818 2003 nou
837 1949 946 2021 quidem
968 1950 997 2002 bi
1018 1962 1170 2017 senatores,
1184 1950 1228 2005 d

175 2037 418 2083 mauritanorum
437 2050 493 2084 uon
515 2029 595 2083 distat
615 2030 763 2084 ordinibus.
779 2058 791 2077 ·
825 2031 924 2081 l'ossias
946 2030 1053 2094 asserit,
1074 2029 1227 2084 Corneliam

171 2111 264 2162 referri
279 2112 312 2162 ab
326 2112 474 2181 Hieronymo
487 2112 515 2179 l¹¹
527 2110 646 2162 Chronico
659 2110 797 2163 Eusebium
812 2107 846 2161 ad
858 2128 956 2161 aunum
972 2109 1084 2179 Augusti
1097 2123 1225 2181 quartum.

71 2242 76 2255 ¹
170 2187 238 2241 lude
251 2191 308 2241 sine
319 2187 403 2242 dubio
414 2190 572 2242 clarissimus
590 2191 624 2243 G.
642 2191 673 2244 C.
686 2190 847 2258 liu-berger,
868 2189 916 2260 qui
929 2189 1071 2258 scriptores
1089 2190 1187 2242 veteris
1201 2202 1226 2242 et

169 2266 252 2320 medii
268 2269 317 2321 evi
338 2270 422 2322 multu
441 2288 504 2322 cum
521 2268 658 2340 diligentia
678 2269 827 2331 reoeousit,
851 2266 975 2320 inductus
1000 2268 1147 2338 perbibet,
1166 2269 1226 2322 alius

170 2348 287 2401 Cornelii
313 2362 426 2401 mortem
451 2348 485 2402 sd
506 2349 637 2420 primum,
661 2348 727 2402 alius
747 2348 782 2401 sd
802 2346 964 2410 secuudum,
981 2347 1046 2399 alios
1064 2347 1099 2400 sd
1120 2361 1225 2421 μή·

169 2429 279 2498 Δῳιιί
301 2447 400 2481 anuum
417 2430 524 2481 referre.
545 2430 605 2495 Qua
625 2429 781 2482 auctoritate
798 2427 937 2494 suffultus,
956 2427 1055 2480 nescio.
1078 2426 1113 2479 ld
1137 2425 1224 2491 video,

168 2508 318 2577 ambin
336 2521 365 2560 et
383 2509 495 2561 minime
511 2509 714 2561 convenientem
732 2526 788 2560 esse
806 2508 949 2570 rationem,
965 2525 1049 2559 anuos
1067 2507 1103 2559 al)
1116 2506 1225 2578 imperio

169 2587 280 2655 Augusti
292 2585 478 2657 computandi,
497 2589 548 2641 uisi
563 2590 692 2640 terminus
707 2585 850 2640 definiatur
864 2598 908 2638 aut
927 2605 941 2637 a
955 2586 1141 2651 triumviratu,
1158 2599 1224 2640 suta

168 2682 256 2735 pugna
267 2666 384 2729 Actiaca,
397 2680 442 2718 aut
455 2686 470 2717 a
485 2665 573 2719 delato
588 2668 697 2736 Augusti
713 2667 829 2719 nomine.
846 2665 980 2718 Clmricou
995 2665 1159 2718 Eusebium
1173 2684 1222 2719 nou

168 2755 281 2795 mortem
301 2746 413 2796 auctoris
434 2747 516 2797 nostri
532 2744 645 2808 indicat,
659 2744 706 2797 sed
724 2759 828 2817 tempus
854 2763 908 2816 quo
926 2746 1036 2796 maxime
1058 2744 1162 2800 floruit.
1184 2745 1222 2799 sic

167 2823 237 2874 enim
250 2824 330 2876 verbe
344 2837 457 2876 sonant:
477 2850 488 2870 ι
500 2824 636 2877 Octaviani
650 2826 753 2896 imperii
766 2845 837 2877 anuo
847 2837 958 2895 quarto,
976 2824 1140 2895 Olympiade
1161 2824 1225 2892 185,

170 2927 183 2950 ι
195 2902 333 2956 Cornelius
348 2903 437 2975 Nepos
457 2906 570 2975 scriptor
582 2905 723 2957 historicus
733 2906 818 2958 clarus
832 2904 952 2957 babetur,
963 2931 975 2950 ·
1001 2903 1089 2956 Credo
1105 2904 1222 2978 equidem

166 2980 200 3034 tle
214 2982 321 3035 Cornelii
340 2997 425 3036 morte
439 2983 505 3036 nihil
522 2985 588 3037 certi
604 2985 729 3037 affirmari
750 3003 839 3056 posse,
859 2996 886 3036 et
900 2985 960 3036 sat'u
976 3002 1030 3035 esse
1046 2983 1140 3050 nobis,
1155 2980 1222 3058 qnod

167 3061 235 3113 Mela
254 3075 281 3115 et
295 3064 392 3114 Pliuiru
406 3077 571 3117 memorant:
595 3091 605 3110 ι
618 3063 673 3115 Sub
690 3061 745 3116 divi
766 3064 874 3134 Augusti
897 3063 1046 3133 principatu
1065 3063 1143 3117 obiit.
1155 3092 1167 3111 ·
1193 3060 1221 3115 ld

166 3159 229 3193 vero
244 3141 342 3212 liquet,
357 3143 436 3195 luisse
453 3143 588 3196 Cornelium
600 3144 765 3215 superstitem
780 3162 849 3195 anno
859 3142 941 3194 Urbis
951 3161 1024 3210 721,
1042 3143 1093 3195 Cu.
1109 3143 1220 3196 Domitio

164 3231 192 3272 et
207 3222 238 3274 C.
255 3221 328 3274 Sosio
344 3222 518 3285 Consulibus,
534 3225 580 3294 qui
599 3235 638 3274 est
652 3240 736 3274 annus
748 3236 808 3293 post
819 3224 912 3274 initum
928 3222 1127 3276 triumviratum
1144 3221 1221 3276 node·

165 3300 267 3364 cimus,
281 3312 307 3353 et
320 3314 380 3354 aute
393 3320 471 3353 mam
484 3315 600 3354 nostrum
611 3302 758 3372 trigesimus
770 3300 915 3364 secundus;
927 3319 959 3352 eo
973 3302 1046 3353 euim
1062 3321 1134 3355 auno
1147 3303 1220 3356 Pom·

164 3381 260 3450 ponius
272 3381 373 3434 Atticus
385 3379 510 3446 decessit,
525 3394 551 3433 et
564 3381 702 3436 Cornelius
711 3381 771 3432 vitre
784 3382 840 3450 ejus
855 3381 940 3451 capita
950 3393 1066 3451 quatuor
1079 3384 1220 3454 posteriora

163 3456 267 3530 adjecit

203 3539 278 3603 Quos
290 3540 412 3609 qualesve
426 3541 508 3592 libros
524 3540 650 3593 Cornelius
664 3540 863 3611 conscripserit,
877 3542 972 3611 purtim
983 3542 1040 3611 ipse
1049 3560 1100 3594 uos
1109 3540 1218 3595 docetis

162 3616 226 3670 locis
240 3616 400 3688 quibusdam
417 3639 510 3672 eorum
532 3622 577 3690 qui
593 3619 627 3672 ad
643 3632 744 3672 nostras
755 3638 899 3690 pervenere
914 3639 1022 3683 manus,
1033 3623 1132 3691 partim
1148 3623 1218 3675 etisu

162 3714 178 3747 e
190 3696 360 3751 citationibus
374 3710 494 3751 veterum
509 3713 617 3771 apparet
631 3700 692 3752 satis
707 3701 896 3770 frequentibus.
912 3698 966 3751 llas
982 3716 1077 3770 magua
1090 3699 1217 3772 diligentis

161 3775 211 3827 sub
223 3776 430 3845 ingruentorum
446 3780 553 3831 nomine
567 3778 671 3849 collegit
687 3779 800 3833 Andreas
811 3779 935 3839 Scissum,
947 3781 1147 3851 Autverpieusis
1161 3780 1217 3832 doc·

163 3854 276 3907 tissimus
288 3856 337 3909 eS.
346 3857 363 3908 J
366 3896 387 3920 .,
402 3875 481 3929 quam
492 3858 672 3910 collectionem
684 3857 781 3913 editam
794 3857 871 3911 video
877 3859 899 3911 1²
899 3858 1043 3911 raucolurti
1057 3878 1130 3912 armo
1141 3860 1217 3914 1608.

161 3930 288 3985 Eamdem
310 3937 380 3989 ausit
395 3949 484 4007 postea
502 3938 593 4008 prucis
611 3939 640 3991 iu
659 3939 722 3991 locis
738 3940 764 3990 Ι.
784 3942 820 3993 A.
841 3939 941 3999 Bosius,
960 3939 1095 4009 professor
1108 3936 1216 3993 lenensis

161 4029 231 4066 anuo
251 4014 334 4084 1657.

201 4092 303 4145 Diserte
321 4093 467 4163 allegantur
482 4115 497 4147 u
511 4097 658 4160 veteribus,
673 4097 741 4150 Aulo
756 4098 902 4167 presertim
924 4096 1017 4158 Gellio,
1037 4096 1101 4149 libri
1118 4097 1216 4151 cunni·

160 4190 241 4223 corum
255 4189 304 4242 per
320 4172 455 4225 Cornelium
469 4175 592 4244 Nepotem.
614 4175 662 4228 llle
673 4176 762 4240 euim,
780 4176 895 4228 Noctibus
911 4179 1001 4228 Atticis
1012 4213 1021 4241 ,
1031 4177 1126 4241 XVII,
1137 4197 1161 4231 c.
1172 4195 1216 4239 ιι,

160 4262 201 4304 ter
215 4249 305 4304 laudat
321 4250 473 4315 Comelium,
485 4255 540 4306 imo
555 4267 611 4308 toto
624 4255 675 4308 hoc
687 4256 773 4327 cupite
783 4254 814 4308 sd
827 4275 888 4309 eum
902 4257 1065 4326 potissimum
1079 4257 1216 4328 respexisse

159 4329 273 4386 ridetur.
294 4332 376 4390 Dicit.
393 4352 421 4387 se
436 4337 592 4406 excerpsisse
607 4335 725 4401 elibris,
741 4337 788 4406 qui
803 4336 917 4389 Cirosici
930 4335 1110 4409 appellantur,
1125 4336 1216 4411 quibus
