2706 4770
151 340 226 414 350
377 337 666 408 EXCURSUS
693 335 992 406 VARIORUM

146 477 235 544 νόμον,
249 471 395 539 ἐψηφίσαντο
412 471 462 528 τοῖς
474 473 594 538 pelis-oss
610 462 724 518 sueto.
745 464 873 517 Similiter
879 465 990 532 Livius,
1003 468 1054 532 45,
1068 471 1115 535 ²5,
1129 470 1200 525 dm.

148 548 392 611 tumllhodiorutn,
401 546 473 618 quod
484 547 626 616 Polybius,
640 546 686 610 so,
697 544 725 612 5,
733 546 759 607 5,
770 546 885 615 ψήφισμα
899 544 1020 614 dixerut,
1039 555 1122 601 scitu
1131 555 1199 622 pap&

147 644 232 684 vocat.
252 630 407 689 Societatem,
419 627 521 697 inquit,
534 626 565 676 ab
576 627 691 676 Romauis
703 628 738 676 ita
752 625 866 676 uolebant
877 630 945 695 peti,
961 637 994 677 ut
1002 629 1093 680 nauum
1105 630 1135 681 de
1148 651 1198 682 an

147 716 229 763 scitum
239 708 323 780 populi
329 706 415 776 fieret,
437 718 480 758 aut
498 707 582 757 litteris
596 705 773 757 mudantur:
792 704 859 777 quod
879 710 929 757 uisi
949 710 1121 777 imperarent,
1136 715 1198 780 aja

148 790 247 861 repulsis
262 791 392 857 ignominia
407 798 474 839 esset.
486 784 613 855 Polybius
623 783 725 837 dixerat
735 803 741 836 :
758 789 830 837 τοῦτο
839 780 868 835 di
884 785 1025 851 lusimus,
1040 789 1197 859 βωλὲμιναώ

146 867 190 922 διὰ
201 873 243 921 τοῦ
260 867 416 936 ψηφίσματος
431 866 472 917 stul
489 862 620 935 πρισῧιὶις
640 865 791 932 ἀποτυχεῖν,
808 865 849 917 tls
864 864 943 927 ἄλλως
960 862 1026 935 δόξῃ
1043 857 1197 939 ῥομάαςρῃ

149 950 272 1018 Ειεοτρτ.
292 946 428 1015 Legation.
449 945 537 1015 ecloga
554 945 600 1012 93.
622 944 718 996 Bauius.

189 1077 350 1143 Psnssnms,
364 1077 418 1142 111,
434 1096 462 1148 p.
478 1083 524 1144 49.
551 1076 658 1127 Helotes.
687 1077 727 1128 De
742 1075 784 1129 bis
798 1077 940 1146 separatim
953 1076 1196 1151 doctequeegitlnl

150 1158 252 1213 Cuolru
264 1157 387 1227 Scbloeger
400 1158 428 1208 in
442 1155 503 1208 diss.
517 1154 550 1207 de
566 1155 705 1207 Helotibus
719 1153 985 1209 Lucedaemoniorum
1001 1160 1090 1211 serris
1103 1159 1196 1211 llelusst.

152 1239 243 1309 1730,
261 1244 289 1300 4.
305 1236 408 1289 Publici
422 1254 486 1288 vero
499 1248 573 1288 eraut
588 1232 849 1287 Lacedaemuniorum
864 1237 950 1300 servi,
969 1238 1011 1289 sic
1025 1237 1084 1291 dicti
1094 1239 1194 1308 primam

150 1320 184 1372 ab
198 1314 298 1389 oppido
314 1317 401 1376 Helos,
414 1316 443 1368 in
456 1334 519 1385 agro
534 1313 680 1379 Laconico,
694 1316 769 1384 juxta
784 1315 856 1367 sinus
875 1315 1000 1386 ejusdem
1013 1318 1115 1371 nominis
1130 1335 1192 1380 orus,

149 1417 204 1452 non
211 1397 304 1467 procul
315 1397 347 1447 ab
359 1396 405 1448 illo
415 1396 488 1459 loco,
501 1414 554 1466 quo
563 1395 750 1465 Eurotoesqun
765 1413 825 1446 cum
831 1396 942 1448 marinis
955 1397 1193 1451 minuandum

151 1491 238 1530 sutem
252 1471 308 1546 (gr.
322 1471 450 1538 ιὶλώτις),
469 1487 496 1527 et
509 1472 603 1546 oppidi
619 1486 646 1527 et
659 1473 773 1544 regionis
788 1475 896 1538 inculte,
913 1478 1101 1548 antiquissimis
1109 1490 1193 1546 tenpo-

149 1557 223 1609 ribus
236 1555 354 1606 vixerant
367 1572 427 1605 cum
441 1552 645 1606 Lucedaetuoniis
653 1553 709 1625 pari
721 1557 781 1625 jure
788 1555 952 1627 paribusque
964 1556 1077 1628 legibus
1090 1560 1191 1627 Atquin

150 1655 204 1688 non
217 1636 253 1686 ita
261 1635 347 1685 multo
358 1645 432 1703 post,
447 1652 525 1703 quam
537 1634 636 1703 recepti
644 1644 719 1686 erant
729 1633 756 1685 in
770 1635 936 1698 societatem,
949 1637 1014 1706 Agis
1024 1636 1126 1700 etSou,
1135 1653 1193 1706 rep

150 1713 256 1778 Laced,
269 1713 327 1764 illos
338 1713 484 1782 privassent
495 1713 653 1784 privilegiis,
662 1713 745 1783 iisqne
755 1713 945 1783 imposuissent
956 1716 1060 1769 tribou
1067 1735 1074 1769 :
1081 1717 1099 1769 ii
1107 1712 1194 1788 quta

150 1794 289 1856 Helotum,
302 1792 348 1862 qui
361 1810 436 1861 agros
448 1792 613 1856 incolebant,
626 1790 698 1844 dicto
711 1806 872 1863 paruerunt,
885 1794 982 1847 incolis
993 1809 1082 1848 autem
1091 1796 1154 1849 urbis
1163 1813 1195 1864 φ·

150 1874 203 1926 sius
220 1872 317 1937 Helos,
332 1872 385 1923 suis
398 1871 455 1924 nixi
470 1872 678 1936 munitionibus,
693 1891 723 1924 se
738 1885 868 1942 negarunt
887 1892 1012 1944 unquam
1027 1875 1145 1948 imperata
1156 1874 1195 1926 le>

151 1966 232 2006 turos.
259 1952 349 2016 Quare
364 1970 452 2022 reges,
472 1953 534 2022 Agis
552 1963 578 2005 et
593 1951 672 2015 Suus,
686 1969 748 2005 uum
760 1952 877 2005 exercitu
891 1951 927 2004 ad
945 1951 1195 2027 Helotumuppids·

150 2031 279 2105 profecti,
294 2049 326 2083 eo
341 2030 414 2084 baud
428 2032 513 2084 multo
527 2043 587 2102 post
598 2043 760 2101 expugnato,
776 2044 878 2103 partem
891 2031 1024 2086 Helotum
1037 2033 1195 2094 unos-ms,

150 2113 267 2183 reliquos
284 2129 348 2163 vero
361 2111 485 2182 abreptos
499 2111 693 2164 constituerunt
711 2111 810 2164 civium
824 2128 936 2164 suorum
950 2132 1064 2179 servos,
1083 2129 1195 2186 umgas!

152 2192 181 2244 in
195 2192 343 2243 libertatem
360 2189 551 2255 restituendos,
569 2203 614 2243 aut
628 2191 656 2242 iu
669 2204 770 2243 exteras
785 2189 939 2244 vendendos
956 2212 1027 2246 orus.
1048 2194 1096 2246 llis
1108 2192 1195 2266 pruptie

153 2269 231 2323 dictis
243 2269 394 2333 Helotibus,
408 2282 469 2340 post
483 2271 569 2340 elapsu
583 2270 676 2322 sucula
689 2270 821 2331 feretris,
838 2269 958 2342 adjuncti
972 2287 1038 2328 sunt
1048 2273 1158 2332 Messenii,
1168 2270 1196 2323 ti·

151 2350 209 2402 mili
221 2348 323 2400 ratione
341 2345 440 2400 addicti
454 2367 468 2400 a
484 2348 633 2402 Laconibus
652 2349 788 2414 servituti3
805 2349 876 2403 uude
893 2352 995 2405 suctum
1009 2366 1062 2417 est,
1084 2366 1113 2406 nt
1128 2350 1196 2405 stult

152 2429 307 2481 Helotarnm
322 2428 399 2480 turba
414 2428 606 2480 Messeniorum
620 2429 790 2500 insigniretur
802 2431 918 2484 nomine.
937 2450 963 2483 v.
976 2432 1098 2504 Tbueyd
1109 2434 1135 2496 l,
1144 2447 1195 2484 tot.

153 2508 319 2577 Praecipuum
335 2520 421 2558 autem
435 2507 463 2557 in
479 2506 604 2559 Helotum
614 2508 709 2562 officiis
721 2521 777 2562 erat
789 2529 910 2580 agrorum
927 2512 1051 2575 cultura,
1066 2513 1098 2564 itt
1109 2525 1195 2569 nmen.

153 2601 184 2641 ut
198 2585 298 2640 reditus
315 2598 417 2639 tuntum
427 2597 581 2657 praestarent
594 2588 672 2640 semel
685 2589 945 2661 constitutoseosque
959 2590 1090 2658 modicos;
1098 2587 1194 2650 sedulis,

153 2667 274 2739 duraque
286 2666 392 2719 servitiu
399 2704 407 2731 ,
415 2685 495 2718 onera
506 2667 625 2739 malaque
635 2669 762 2721 sustinere
774 2669 944 2739 cogebantur.
955 2671 1025 2736 Quae
1038 2672 1121 2725 omnis
1131 2669 1194 2723 tusiu

153 2747 265 2819 explicat
277 2745 416 2817 Schlteger.
427 2743 488 2799 add.
504 2748 616 2800 Perizoa.
630 2744 664 2799 ud
678 2747 727 2800 ΕΙ.
734 2748 768 2800 Η.
776 2748 810 2802 V.
822 2749 873 2814 111,
884 2768 927 2802 no.
936 2762 965 2803 et
972 2751 1077 2804 l'attes.
1091 2749 1193 2805 adibeo·

76 2846 81 2857 ¹
152 2828 213 2880 criti
226 2823 354 2878 Adoniaz.
371 2844 398 2896 p.
414 2826 478 2878 268.
491 2844 530 2897 sq.
558 2859 598 2869 -
615 2829 656 2879 De
679 2828 804 2881 varietate
817 2829 938 2882 lectionis
950 2849 977 2883 v.
989 2831 1098 2885 Rosium
1111 2829 1193 2885 etllet·

151 2908 248 2978 singer.
262 2906 372 2956 Harless.
417 2952 419 2957 .

191 3031 356 3094 Psussutss,
374 3029 424 3092 IV,
438 3047 465 3099 p.
484 3028 529 3081 50.
552 3030 656 3082 Vincula
669 3033 774 3101 epistolae
791 3034 912 3086 kemut.
933 3033 986 3088 Mt.
1003 3055 1079 3090 meus
1092 3036 1191 3108 legitptu

151 3111 256 3171 Iussit,
274 3110 394 3160 [mansit.
410 3108 497 3172 Quam
505 3110 660 3179 scripturam
670 3111 797 3183 Scboppii
808 3114 969 3167 membran·
979 3117 1144 3177 confirmant,
1152 3114 1191 3174 ll.

149 3189 275 3242 Verisim.
288 3207 346 3259 cap.
361 3188 511 3240 2.Vinculis
525 3202 613 3242 autem
630 3191 762 3261 colligatas
779 3193 949 3264 antiquorum
966 3195 1120 3249 Grncnruu
1133 3194 1192 3246 luisse

149 3267 284 3339 epistolas,
303 3268 389 3320 Curtii
405 3267 457 3319 boc
477 3269 628 3321 testimonio
651 3284 722 3323 recte
740 3272 836 3341 probat
853 3273 987 3328 barthius.
1004 3273 1191 3338 Pas-sums

150 3347 276 3409 Curtius,
292 3347 340 3399 lib.
353 3364 409 3410 vu,
427 3365 440 3397 s
454 3384 462 3411 ,
477 3348 598 3399 cumulum
611 3349 717 3419 epistolae
728 3351 828 3410 solvens,
846 3352 960 3423 quidnam
970 3374 1014 3407 res
1028 3368 1120 3425 ageret.
1133 3369 1190 3424 regu·

150 3426 225 3477 rebat.
239 3428 325 3478 Emst.
340 3426 383 3479 Sic
398 3428 556 3479 membranae
572 3429 714 3494 Bavaricn,
728 3431 857 3483 referente
868 3431 1001 3501 Scboppio,
1018 3434 1127 3487 Vensist
1139 3439 1163 3494 l,
1172 3449 1189 3491 s,

151 3503 266 3574 itemque
275 3507 337 3558 Mss.
350 3506 428 3557 Boecl.
438 3518 464 3558 et
472 3507 587 3568 Ernstii,
601 3509 712 3575 rectius,
722 3511 871 3580 utopinor,
883 3530 965 3581 quam
977 3515 1084 3574 Iussu.
1097 3527 1124 3567 ut
1133 3511 1189 3580 vulp

148 3582 253 3653 legitur.
274 3584 440 3654 Thucydides:
455 3586 504 3637 λύει
518 3585 564 3645 τὰς
584 3589 706 3649 ὖπιςολάς.
722 3589 864 3642 undana:
877 3592 967 3660 ἀνέῳξε
980 3595 1026 3653 τὰς
1042 3591 1190 3655 toruis-lt

149 3663 234 3715 heare
249 3665 343 3714 surcula
366 3677 474 3716 nonest
494 3665 608 3729 solvere,
625 3681 669 3720 aut
683 3669 798 3739 aperire.
817 3668 863 3721 sed
878 3671 1031 3738 remittere,
1054 3688 1099 3726 sut
1116 3672 1188 3725 tuis·

150 3743 243 3796 iacere.
258 3741 292 3792 Et
306 3743 352 3812 qui
364 3743 415 3812 legi
431 3744 518 3813 potuit
533 3745 658 3814 epistola,
674 3748 696 3800 si
715 3747 899 3801 tautummodo
918 3751 1005 3805 laxum
1017 3767 1079 3807 suut
1097 3750 1188 3807 vissus.

150 3842 204 3875 non
221 3820 347 3873 discissa?
365 3820 430 3892 quid
444 3823 570 3875 attinebat
583 3825 697 3895 sigillum
711 3828 796 3881 simile
808 3829 933 3900 effingere
951 3827 1048 3903 (quod
1066 3834 1091 3885 Τ
1088 3826 1188 3895 ψ

149 3902 280 3974 Argilium
294 3901 366 3953 hunc
381 3902 470 3953 fecisse
483 3901 546 3966 ait),
562 3905 584 3955 si
597 3906 702 3959 vincula
713 3908 815 3979 integra
832 3912 1017 3980 permansere?
1028 3896 1187 3965 Baaasnu.

151 3983 259 4037 etvost.
269 3984 300 4036 Α.
311 3982 341 4036 C.
353 3982 456 4047 laxasti,
468 3983 498 4035 B.
511 3984 637 4049 laceravit,
649 3985 695 4041 sed
707 3987 736 4041 in
747 4006 829 4060 marg.
837 4007 860 4043 u.
871 4009 907 4044 tn.
919 4009 971 4045 sec.
981 3993 1081 4046 husie.
1091 3993 1185 4047 Sum
