2706 4770
262 341 282 383 2
527 273 797 382 connum
824 263 1056 379 Nseorrs

258 447 400 532 morari,
415 443 550 513 saltasse
558 470 634 513 eum
642 443 831 529 commode,
847 445 1053 537 scienterque
1066 442 1151 511 tibiis
1160 458 1322 514 cantasse.

256 554 317 622 Sed
327 553 360 619 hi
371 566 468 620 erunt
478 551 577 637 fere⁷‚
595 553 650 644 qui
666 565 816 645 expertes
829 548 1010 619 litterarum
1020 574 1221 644 graecarum,
1238 550 1322 619 nihil

256 674 398 744 rectum,
419 658 480 725 nisi
495 658 584 751 quod
599 660 747 750 ipsorum
767 656 912 724 moribus
928 657 1121 743 conveniat,
1143 657 1320 750 putabunt.

255 767 315 852 Hi,
332 766 358 832 si
382 764 569 849 didicerint,
590 789 657 831 non
676 763 791 831 eadem
806 763 959 831 omnibus
975 787 1043 830 esse
1064 762 1203 830 honesta
1220 778 1320 857 atque

255 857 398 965 turpia³,
421 869 477 938 sed
501 871 612 938 omnia
634 870 798 962 majorum
819 870 977 938 institutis
992 868 1151 962 judicari,
1169 894 1238 937 uon
1256 868 1319 937 ad·

254 977 479 1062 mirabuntur,
495 1001 555 1044 nos
570 978 604 1043 in
619 978 797 1044 Graiorum
810 975 985 1043 virtutibus
995 975 1194 1069 exponendis
1207 1000 1320 1045 mores

254 1108 370 1151 eorum
386 1096 524 1152 secutos.
541 1084 659 1175 Neque
678 1083 766 1149 enim
781 1083 912 1150 Cimoni
929 1081 990 1149 fuit
1008 1094 1119 1175 turpe,
1138 1082 1321 1151 Athenien·

205 1201 207 1205 ’
253 1191 337 1258 sium
355 1215 485 1257 summo
501 1190 589 1276 viro,
612 1213 760 1256 sororem
780 1186 988 1281 germanum⁹
1003 1187 1125 1255 habere
1146 1190 1180 1255 in
1199 1189 1319 1256 matri-

252 1298 380 1379 moni03
400 1297 523 1389 quippe
536 1319 638 1388 quum
653 1294 722 1386 ejus
739 1295 827 1362 cives
843 1293 959 1361 eodem
967 1308 1140 1362 uterentur
1148 1295 1318 1362 instituto:

251 1416 286 1471 at
309 1402 342 1469 id
375 1401 506 1496 quidem
537 1402 656 1468 nostris
678 1400 825 1468 moribus
851 1399 942 1467 nefas
973 1400 1122 1467 habetur.
1153 1399 1262 1468 Laudi
1284 1403 1344 1468 in‘

252 1511 380 1577 Graecia
401 1507 534 1576 ducitur
559 1506 811 1575 adolescentulis
822 1505 861 1593 ¹⁰,
882 1530 980 1599 quam
1008 1505 1168 1599 plurimos
1192 1506 1318 1574 habere

251 1725 370 1776 virtutes.
382 1753 423 1764 —
433 1721 548 1773 Saltasse.
564 1747 574 1767 ι
586 1721 672 1773 Nemo
686 1722 762 1774 saltat
806 1721 940 1786 mistocle‚
961 1722 1008 1774 ubi
1031 1723 1180 1775 Artabanus
1194 1724 1320 1777 Themis·

251 1803 369 1866 sobrius,
379 1801 428 1852 nisi
437 1801 635 1853 lorteinsanit.·
647 1800 702 1853 Cic.
710 1821 760 1872 pro
806 1801 868 1852 tocli
883 1802 919 1853 ait
931 1819 938 1852 z
956 1798 975 1852 ὦ
994 1802 1043 1863 ξένε
1053 1842 1060 1865 ,
1072 1805 1141 1873 νόμοι
1159 1798 1318 1874 διαφέρουσιν

250 1883 395 1946 Murena‚6
404 1894 442 1946 ;et
450 1881 720 1933 multovehementius
728 1879 762 1932 de
807 1880 952 1950 ἀνθρώπων,
967 1882 1030 1933 ἄλλα
1045 1878 1071 1933 δ”
1086 1883 1165 1944 ἄλλοις
1179 1887 1255 1937 καλά.
1267 1882 1321 1938 Ad·

252 1961 568 2032 Officiis‚1;etpr08e1t.
576 1959 700 2012 adversus
708 1960 761 2013 Ga·
806 1957 839 2010 de
855 1972 970 2011 veterem
986 1962 1175 2033 philosophum
1195 1975 1320 2016 nostrum

250 2042 365 2095 binium,
381 2042 451 2094 Hinc
462 2041 555 2094 Horat.
568 2060 648 2093 carm.
662 2058 715 2104 111,
727 2044 761 2105 6,
805 2040 963 2108 Momaigne,
971 2042 1068 2111 passim
1078 2054 1104 2093 et
1113 2042 1272 2112 imprimisl.
1282 2061 1320 2109 n,

250 2122 279 2174 in
288 2123 422 2174 luxuriam
433 2122 613 2172 Romanorum
625 2121 761 2173 invectus:
806 2120 906 2179 Essau,
921 2120 996 2190 chap.
1016 2140 1049 2173 ιι
1067 2140 1074 2174 :
1089 2122 1115 2173 ΙΙ
1127 2122 1191 2172 rr'est
1203 2123 1275 2173 close
1290 2143 1319 2175 er

251 2241 253 2243 .
292 2207 361 2247 Motu·
376 2208 442 2245 doceri
455 2207 525 2257 gaudet
534 2207 610 2245 lonicus
806 2218 870 2269 quoy
892 2199 913 2248 le
937 2200 1020 2251 monde
1039 2204 1086 2252 soll
1106 2204 1128 2252 δι’
1147 2201 1223 2253 divers
1244 2205 1320 2273 qtc'en

291 2276 442 2328 Maiumvirgo.
635 2322 638 2327 .
805 2289 934 2329 coustrcmes
954 2292 979 2329 et
992 2280 1063 2341 loia·
1079 2281 1133 2331 telle
1146 2280 1214 2331 chose
1228 2293 1266 2331 est
1281 2285 1322 2354 icy

251 2389 291 2399 -
299 2355 435 2408 Commode.
445 2356 598 2425 Eleganter,
608 2367 720 2426 apteque
729 2353 760 2408 ad
806 2358 966 2418 abominoble,
982 2363 1023 2432 qui
1034 2371 1133 2431 apporte
1145 2361 1320 2413 recommendo·

251 2434 345 2488 modos
354 2454 383 2488 ae
391 2435 578 2487 numeros.Gr.
588 2437 761 2506 Εὑαρμόστως.
807 2440 857 2488 tion
873 2438 978 2490 allieurs.

251 2548 292 2558 ...
307 2516 422 2568 Scienter,
438 2515 534 2567 Petite.
550 2513 761 2583 Epaminondam
834 2523 875 2560 Nor
884 2525 903 2560 in
914 2523 1020 2576 Grajorum
1031 2525 1134 2564 virtutibus
1146 2528 1276 2579 exponendis.

252 2595 363 2659 saltare,
384 2595 509 2665 tibiisque
530 2605 636 2646 cantare
654 2593 762 2647 doctum
806 2596 963 2649 Hexameter
982 2616 1088 2664 versus,
1105 2600 1193 2670 quales
1212 2600 1320 2672 optimis

212 2739 214 2741 ‚
252 2675 332 2727 luisse
341 2672 526 2727 tantummodo
537 2673 648 2725 relatum
660 2675 688 2725 in
696 2675 764 2746 Epa·
806 2677 959 2729 auctoribus
973 2689 1027 2729 tam
1042 2679 1120 2731 multi
1137 2678 1319 2734 exciderunt:

252 2754 399 2819 minonda,
421 2755 468 2818 11,
488 2753 621 2823 legimus3
645 2755 764 2804 commode
806 2757 925 2827 exempla
941 2758 1059 2828 collegit,
1076 2758 1146 2810 inter
1160 2759 1240 2825 alios,
1253 2761 1320 2814 Bar·
1344 2744 1349 2754 ⁹

253 2848 354 2899 autem,
363 2838 514 2903 scienterque
524 2834 627 2884 absunt.
636 2864 677 2874 -
687 2833 764 2884 Tibris
806 2834 953 2901 thtus,X1‚
971 2838 1022 2900 15,
1034 2835 1134 2890 advers.

254 2927 371 2968 eantcrse.
389 2912 497 2965 Inflasse
513 2912 598 2963 tibias.
617 2913 654 2963 Ut
667 2930 763 2983 supra,
848 2934 875 2982 9.
890 2914 1044 2969 Gennanam.
1062 2917 1100 2969 Ut
1114 2915 1236 2978 ridebis,
1249 2919 1320 2973 infra

253 2993 333 3066 apud.
350 2995 420 3057 cie,
435 3011 556 3044 nervorum
571 2990 687 3043 cantibus.
806 2993 834 3044 in
866 2994 1001 3060 Cimone;
1031 2996 1140 3049 nomine
1166 2997 1319 3069 Elpinicen.

296 3094 322 3144 7.
335 3075 404 3126 Fere.
414 3075 452 3125 Ut
460 3072 662 3144 plurimum.—
670 3072 764 3140 Exper·
809 3072 965 3134 Germanum,
979 3076 1052 3145 quasi
1064 3094 1095 3128 ex
1106 3074 1201 3128 eodem
1210 3083 1320 3148 gemme

255 3165 290 3204 tes
300 3155 431 3205 litterarum
441 3171 583 3222 gracorum.
591 3151 679 3222 Ignari
689 3170 764 3221 pror·
804 3156 924 3221 genitam,
945 3152 1009 3206 dicit
1029 3154 1129 3207 Festus.
1148 3155 1199 3208 llic
1218 3159 1318 3226 ὁμοπά·

255 3252 298 3285 sus
318 3252 407 3285 rerum
424 3250 584 3302 graecarum,
598 3249 643 3282 seu
659 3249 762 3296 mores,
806 3252 885 3302 τριον,
897 3231 990 3286 eodem
1004 3247 1092 3304 patre,
1103 3233 1207 3288 diversa
1220 3250 1320 3304 matre,

255 3310 361 3375 studia,
379 3311 421 3363 vel
441 3310 578 3362 historiam
598 3311 764 3381 spectaveris.
806 3324 903 3364 natam.
922 3314 1041 3377 Contra,
1058 3332 1099 3384 ap.
1116 3314 1275 3369 Ciceronem
1290 3317 1319 3371 in

255 3392 362 3443 Rectum.
377 3388 531 3441 Laudabile,
807 3393 885 3443 Verr.
903 3392 929 3455 1,
939 3398 990 3460 49,
998 3397 1109 3462 germani
1116 3394 1210 3447 iratres
1224 3395 1319 3449 eadem

297 3474 323 3525 8.
335 3472 392 3523 Non
402 3470 482 3521 eodem
493 3467 599 3520 omnibus
607 3488 656 3518 esse
667 3469 763 3519 tereste
806 3483 889 3522 matre
902 3483 963 3523 sunt
976 3472 1066 3543 geniti.
1074 3505 1114 3516 —-
1123 3476 1248 3528 instituto.
1260 3476 1322 3529 Μο·

255 3563 327 3622 atque
340 3550 480 3620 turpiu.lta
495 3547 566 3620 apud
580 3548 762 3612 Aristotelem,
806 3568 851 3616 re,
870 3550 974 3603 Solonis
1000 3552 1100 3623 legibus
1126 3557 1321 3625 comprobato,

254 3630 282 3694 1,
299 3630 360 3682 Eth.
380 3636 393 3681 ³
411 3642 438 3682 et
453 3636 489 3692 4:
508 3629 547 3681 Τὰ
568 3629 610 3699 μὲν
629 3636 686 3679 κατ’
703 3629 762 3684 dirl-
808 3629 1002 3704 Spartaeautem
1014 3651 1028 3684 a
1040 3633 1163 3704 Lycurgo
1175 3637 1269 3690 vetito.
1282 3635 1323 3689 si-

154 3711 168 3728 ·
252 3714 316 3761 ditur
343 3708 454 3779 αἰσχρὰ,
477 3708 510 3760 τὰ
535 3704 565 3759 dl
587 3707 653 3758 κατὰ
678 3704 762 3770 δόξαν.
807 3710 869 3762 mile
881 3711 908 3762 in
922 3711 985 3765 Sara
996 3726 1023 3765 et
1036 3714 1188 3766 Abrahamo
1201 3717 1322 3769 occurrit

254 3786 325 3841 Vide
339 3790 423 3841 Cicer.
439 3789 467 3840 in
483 3789 609 3851 Verrem,
622 3788 671 3851 lV,
685 3790 720 3855 59
736 3801 762 3841 et
806 3791 964 3862 exemplum.
975 3794 1108 3860 -Nesae
1121 3795 1247 3848 Moribus
1256 3815 1322 3850 uos·

239 3868 309 3933 ‘60,
332 3881 359 3920 et
380 3866 414 3919 de
433 3865 633 3939 Epaminonda,
650 3868 759 3920 Tuscul.
805 3871 868 3934 tria,
882 3874 942 3940 jure
958 3873 1029 3924 civili
1043 3892 1153 3926 romano
1167 3876 1295 3928 vetitum.

251 3947 338 4020 diput.
360 3949 377 4001 l.
396 3967 436 4013 c.;
453 3947 625 4001 Plutarchum
642 3947 671 3999 in
688 3947 759 3999 The·
852 3969 896 4003 ro.
927 3951 1127 4005 Adulescentult's.
1161 3954 1323 4026 Oppmbrie
