2706 4770
246 350 314 417 AD
340 346 672 416 CORNELIUM
696 347 962 418 NEPOTEM.
1057 349 1130 425 365

72 479 231 549 hierophanta
243 478 397 549 vestigium,
410 475 483 548 quod
492 476 584 534 scium,
598 477 715 548 reperire
728 490 774 530 est.
787 478 855 531 Nem
868 478 896 530 in
910 477 942 532 iis
952 480 1008 532 fere
1022 481 1132 553 legitor,

70 561 106 611 ab
116 557 228 612 Archino
243 575 290 608 uno
302 577 332 608 ez
346 558 383 608 lu's
392 556 501 617 Amne,
516 555 601 608 veleb
615 557 708 608 Arcluh
718 576 765 609 uno
779 559 917 630 Tysarelnoe,
931 559 973 612 vel
988 561 1131 616 Tinarelu'oe.

71 635 157 705 Quod
167 648 332 707 postremum
346 636 489 706 Longolius
501 648 527 688 et
538 635 641 706 Magius
653 632 717 696 (non
732 637 887 690 assentiente
899 636 1069 704 Lambinole
1083 660 1130 694 ne·

73 716 201 789 gligentis
212 715 325 786 Nepotis
339 733 394 768 esse
410 726 531 779 censent3
546 715 592 786 qui
610 733 691 785 quum
705 715 732 767 in
743 716 837 769 Greco
856 717 983 788 scriptore
993 719 1133 790 reperisset

75 788 221 867 te’lntu
238 797 302 854 τινός
317 792 363 845 τιν’
379 785 473 864 Ᾰρχὶᾳ,
493 794 529 846 itx
542 791 701 861 reddiderit,
720 813 749 847 ec
767 795 788 847 si
803 797 921 866 Τιναρχὶᾳ
936 815 991 849 nno
1003 799 1132 852 vocabulo

76 873 208 946 scriptum
221 885 297 926 esset.
318 873 438 945 speciose
449 871 563 937 dictum,
576 873 673 938 fateor,
692 873 713 925 si
727 874 848 927 meliores
863 873 941 927 codd.
962 877 997 928 ita
1007 877 1132 948 legerent.

76 954 159 1008 Nunc
169 950 235 1024 qnid
248 952 387 1023 probibet,
399 970 448 1019 ne,
460 953 546 1024 prime
557 952 683 1016 lectione,
694 971 753 1023 qne
763 965 789 1005 et
801 953 962 1024 optimorum
974 954 1050 1009 codd.
1064 958 1131 1012 Dan.

75 1045 105 1087 et
116 1032 198 1085 Boecl.
211 1031 274 1095 tuit,
288 1031 382 1084 leviter
395 1031 544 1096 immutate,
556 1031 687 1102 legamus:
698 1032 729 1083 ob
743 1032 848 1095 Antia,
859 1038 902 1084 nni
913 1053 943 1084 en
953 1034 1001 1096 lu‘s,
1012 1036 1132 1089 Arellio?

76 1112 122 1165 E:
139 1112 194 1172 bri,-
212 1110 406 1183 magistratibus
426 1110 481 1164 scil.
502 1109 536 1164 de
560 1110 655 1180 quihus
675 1111 756 1181 paulo
779 1124 847 1164 unte.
874 1111 927 1164 Pro
946 1116 990 1163 uni
1009 1114 1132 1171 librarius

25 1250 36 1265 ,
75 1190 251 1262 scripsimus,
262 1186 336 1260 quod
353 1188 385 1242 ed
395 1189 519 1242 Archiam
531 1189 717 1243 Atheniensem
730 1189 758 1242 id
767 1190 901 1261 pertinere
911 1193 1028 1262 putebat.
1042 1193 1132 1259 Quen·

76 1288 159 1341 φιιιι
173 1280 201 1321 et
216 1268 268 1321 boc
286 1268 348 1322 terri
366 1280 467 1340 posset,
493 1288 576 1340 quum
595 1269 711 1321 Titinius
733 1268 830 1322 dixerit
847 1273 889 1321 uni
902 1270 999 1340 collegii
1005 1292 1014 1331 ,·
1037 1272 1135 1325 Teren·

78 1348 150 1415 tim,
176 1348 240 1400 nulli
260 1349 353 1400 cumdii
360 1368 370 1409 ,·
399 1347 519 1412 Plautus,
548 1348 633 1400 coloris
659 1348 706 1399 ulli
716 1368 727 1410 ;
758 1360 787 1400 ut
805 1348 976 1413 ¹observatum
992 1349 1134 1405 Priscinno.

76 1428 122 1481 Sic
136 1427 183 1479 elii
200 1432 260 1488 isto,
277 1439 340 1488 toto,
358 1427 446 1489 altero,
463 1425 553 1481 dixere
566 1425 618 1480 :de
631 1445 685 1498 quo
699 1427 809 1481 Vossius
820 1425 853 1480 de
866 1429 966 1499 euolog.
981 1446 1009 1480 xv
1018 1469 1026 1495 ,
1035 1434 1069 1495 6,
1087 1432 1134 1503 qni

79 1518 108 1561 et
117 1504 185 1560 illud
192 1505 296 1577 Apuleii
305 1506 358 1559 huc
369 1507 449 1559 refert
456 1524 509 1559 vm
516 1508 623 1559 Metam.
635 1525 682 1558 uno
690 1507 803 1577 potiundi
811 1507 890 1559 studeo
896 1519 1038 1578 postponens
1048 1515 1135 1566 οιιιιιὶα.

77 1586 123 1640 Sic
133 1597 226 1638 noster
236 1585 312 1651 alibi,
331 1586 413 1638 olteroe
428 1586 486 1647 ola,
502 1597 558 1638 totoe
572 1586 666 1646 irunloe,
687 1605 738 1656 pro
750 1587 821 1639 alteri
828 1626 836 1648 ,
854 1592 905 1638 toti.
921 1586 1048 1640 Fortassis
1064 1601 1090 1641 et
1107 1592 1136 1642 rb

79 1665 193 1721 Archino
221 1664 347 1728 retineri,
368 1665 410 1717 vel
432 1664 460 1715 in
487 1664 610 1717 Archinoo
633 1664 730 1717 mutari
763 1677 848 1737 potest
859 1685 868 1731 3
901 1684 963 1718 num
995 1678 1137 1739 utrumque

79 1762 181 1798 nomen
191 1743 301 1797 Athenis
314 1743 440 1796 usitetum
453 1743 511 1796 luit.
523 1743 601 1797 Certe
617 1744 639 1795 si
648 1744 760 1796 mittenti
773 1757 799 1797 et
807 1745 945 1816 accipienti
956 1763 1039 1799 unum
1051 1745 1137 1800 idem·

81 1842 136 1896 que
148 1840 247 1875 nomen
261 1822 365 1885 fuisset,
377 1823 422 1874 vix
434 1819 540 1884 dubito,
563 1822 693 1893 Nepotem
713 1821 802 1875 addita
819 1843 884 1877 voce
900 1825 986 1895 eliqua
998 1826 1077 1879 subse
1092 1845 1137 1880 eos

81 1902 281 1956 distinctorum.
295 1901 351 1954 Nec
365 1901 500 1954 Plutarchi
509 1902 568 1954 loco
580 1919 703 1967 moveor3
716 1921 776 1954 nrm
788 1903 810 1955 is
824 1921 892 1974 sepe
899 1903 990 1970 aliter,
1001 1924 1031 1958 ac
1041 1906 1138 1977 reliqui

79 1981 240 2053 scriptores,
255 1980 362 2033 nomine
376 1981 461 2033 eliert.
481 1981 577 2034 Bosins.
591 1981 753 2051 Heusinger,
764 1982 921 2052 Bipontina,
936 1982 1000 2048 ltb,
1021 1982 1138 2036 Schmie·

81 2059 148 2125 der,
162 2058 282 2124 Peuller,
296 2060 394 2112 hebent
408 2077 515 2122 omnes,
529 2060 560 2109 ab
570 2061 664 2112 Aeolio
675 2060 837 2131 laieropbaote,
856 2060 904 2112 uni
917 2079 949 2112 ex
960 2062 1013 2119 bis,
1030 2063 1137 2116 Archile.

81 2140 173 2207 Quam
187 2139 346 2207 lectionem,
360 2152 389 2192 ut
403 2139 516 2191 maxime
532 2139 714 2209 probabilem,
730 2140 883 2210 recepimus.
900 2139 997 2194 Editor.

122 2292 290 2356 Λαιιιιιιιι,
303 2289 353 2357 IV,
361 2306 388 2359 p.
405 2292 469 2358 176.
488 2289 568 2340 Tanta
579 2284 700 2342 modetia.
714 2289 933 2343 Imouecessitnte
948 2304 1053 2346 coactus
1064 2286 1142 2358 [vide

82 2366 118 2424 ed
130 2370 244 2422 Psussn.
257 2387 296 2435 ιι,
307 2373 333 2422 6.
346 2362 445 2432 eloth
457 2367 506 2420 nisi
521 2380 607 2420 morte
620 2368 725 2421 multari
733 2369 856 2422 voluisset
864 2370 897 2422 nb
905 2370 1141 2441 Ephoris.Videde

82 2449 229 2512 Cleercho,
239 2446 354 2520 Ephoris
363 2448 448 2518 ipsum
460 2448 642 2500 revocantibus
653 2467 708 2500 non
716 2449 876 2519 obsequuto‚
895 2450 1067 2521 Xenophont.
1081 2452 1100 2504 l.
1107 2470 1141 2505 11.

83 2529 153 2600 Exp.
164 2526 243 2600 Cyri,
254 2546 281 2598 p.
294 2528 358 2579 nt.
372 2527 454 2596 lieges
464 2527 534 2578 enim
542 2527 616 2579 velut
627 2527 796 2597 Ephororum
806 2528 914 2579 nomine
923 2528 990 2580 bellu
1003 2530 1140 2599 gerebant,

82 2608 189 2679 ipsique
203 2606 305 2677 Ephori
320 2605 387 2657 bella
408 2605 528 2656 hostibus
545 2602 696 2657 indicebant
708 2623 716 2669 ;
737 2624 767 2656 ex
779 2604 894 2674 Ephoris
908 2623 996 2676 regem
1012 2607 1040 2658 in
1054 2606 1143 2660 hostes

84 2687 210 2740 emissum
222 2685 423 2738 comitebantur.
435 2681 476 2736 Ad
484 2683 540 2735 buo
553 2683 669 2753 Agesilao
681 2683 709 2734 in
720 2682 807 2735 Asiam
818 2683 937 2753 prolecto
949 2685 1054 2755 triginta
1066 2685 1143 2756 Spem

84 2766 143 2820 teni
156 2763 273 2836 adjuncti
283 2776 357 2817 erem
368 2764 401 2815 eb
417 2762 539 2834 Ephoris.
553 2762 723 2833 Xenophont.
739 2762 757 2813 1.
767 2780 805 2826 ιι,
820 2762 854 2815 Η,
868 2762 915 2815 Gr.
923 2781 956 2834 p.
974 2763 1045 2834 3733
1059 2764 1141 2829 lxxx,

83 2864 113 2917 p.
124 2844 196 2906 383,
209 2857 236 2897 et
248 2844 267 2896 l.
275 2863 306 2909 ι,
319 2863 345 2914 p.
359 2843 425 2909 439.
445 2843 537 2911 Itaque
549 2853 620 2894 recte
629 2839 736 2911 quidem
744 2839 796 2893 dici
802 2853 889 2913 potest
896 2841 1034 2895 Laconicis
1041 2842 1143 2913 legibus

84 2924 203 2977 libenter
215 2923 328 2975 voluisse
340 2940 445 2994 perere,
459 2934 489 2973 ut
499 2920 532 2973 de
545 2940 577 2973 eo
591 2931 700 2973 testetur
710 2920 874 2991 Xenophon,
888 2940 916 2992 p.
933 2921 988 2974 515
1001 2917 1063 2993 (qui
1081 2941 1143 2975 oum

85 3004 209 3075 nguine
223 3003 251 3056 in
265 3003 325 3055 Asia
340 3002 405 3065 luit,
418 3020 443 3052 v.
458 3002 534 3072 Diog.
550 3001 637 3053 Leert.
654 3018 691 3065 ιι,
708 2999 830 3066 51,cum
843 3013 907 3053 note
922 2999 1142 3066 Aldobrandini):

83 3084 198 3153 θάμνος
214 3080 269 3135 ἀντὶ
281 3087 323 3134 τοῦ
341 3084 439 3151 pipere
453 3075 512 3132 ιῖνιιι
526 3084 549 3133 iv
563 3087 595 3148 τῇ
607 3072 688 3149 doing,
710 3073 769 3131 oium
788 3079 819 3132 τὰ
832 3080 924 3149 νόμιμα
937 3081 981 3151 pis
995 3081 1092 3151 ἄρχιιν,
1109 3082 1143 3135 τὰ

85 3164 183 3232 νόμιμα
195 3157 225 3213 δὲ
242 3163 357 3232 ἄρχεσθαι
367 3198 375 3222 ,
389 3171 501 3212 ettamen
511 3160 580 3212 bunc
594 3156 770 3211 obedientiam
781 3158 879 3229 regiam
892 3177 989 3212 munus
1000 3162 1032 3213 cb
1044 3178 1076 3213 eo
1087 3178 1146 3231 pos·

85 3240 198 3294 eulxhn
219 3240 312 3311 Neque
330 3242 408 3293 etiam
426 3241 516 3291 Rome
538 3238 563 3291 l.
580 3238 666 3291 Caesar
682 3238 856 3291 anterioribus
873 3240 1036 3310 temporibus
1053 3252 1146 3294 contre

85 3321 159 3392 leges
171 3321 314 3373 exercitum
328 3320 440 3371 retinere
455 3318 545 3371 luisset
558 3336 650 3382 susus3
669 3315 715 3369 sed
733 3329 790 3369 tum
804 3319 929 3388 temporis
943 3319 1041 3371 mobile
1053 3319 1146 3391 vulgus

85 3412 114 3453 et
126 3399 274 3463 incertum,
288 3400 395 3451 scissum
407 3409 463 3449 erat
476 3397 504 3449 in
517 3395 604 3450 studia
612 3398 680 3466 reip.
692 3396 868 3449 saluberrimis
876 3397 1032 3467 optimatum
1042 3411 1147 3451 senten.

85 3479 131 3531 tiis
145 3479 294 3543 contraria,
315 3479 493 3548 cenamque,
514 3477 562 3547 qui
579 3476 673 3546 quovis
688 3475 832 3546 largitionis
852 3487 879 3528 et
891 3476 1040 3531 officiorum
1052 3497 1147 3549 genere

86 3557 223 3630 plebeium
238 3555 360 3610 ordinem
375 3560 430 3626 jem
445 3575 522 3609 snum
534 3553 697 3619 reddiderst,
719 3568 804 3626 partes
814 3567 967 3625 sequutum,
987 3557 1100 3610 multum
1113 3557 1148 3612 de

85 3648 196 3690 senatus
210 3637 366 3690 auctoritate
378 3635 539 3700 detraxerit,
554 3647 580 3687 et
593 3635 630 3687 sic
638 3636 655 3686 J
657 3635 710 3687 ulio
725 3634 793 3687 viem
807 3634 855 3686 sibi
869 3635 970 3705 totique
979 3637 1045 3707 reip.
1057 3651 1146 3710 posteo

86 3717 227 3769 exitiosam
239 3715 273 3767 nd
282 3713 450 3787 tyrannidem
463 3715 603 3767 munierat.
618 3716 698 3767 llecte
706 3725 793 3766 sutem
802 3711 873 3767 docti
889 3712 922 3767 sd
931 3715 959 3769 h.
968 3716 985 3767 l.
996 3717 1149 3781 observent,

87 3814 137 3869 per
149 3807 255 3848 nostros
267 3797 437 3866 imperatores
444 3794 553 3865 intelligi
561 3794 730 3866 imperatores
737 3794 881 3858 Romanos,
888 3794 916 3847 in
925 3796 1017 3866 primis
1023 3796 1054 3850 C.
1061 3797 1087 3847 J.
1095 3796 1149 3850 ce

87 3893 186 3930 urent.
197 3867 317 3945 [Respici
327 3872 359 3927 nd
368 3874 465 3946 Syllam
474 3875 650 3936 etCaessrem,
665 3873 742 3925 etiam
752 3872 784 3926 ed
793 3875 955 3945 Augustum,
969 3887 1056 3928 censet
1061 3874 1151 3927 Schle-

88 3954 150 4027 gel,
164 3973 193 4027 p.
210 3972 244 4005 xx
258 3947 314 4024 ιφ]
334 3953 376 4007 Sic
390 3953 502 4007 llomtui
520 3951 613 4007 dicunt
624 3954 667 4022 jus
682 3963 784 4006 nostnun
799 3973 848 4026 pro
861 3957 920 4024 jure
931 3956 1063 4017 Romano,
1078 3965 1106 4006 et
1117 3953 1151 4006 itx
