2768 5198
173 697 246 769 32²
342 692 573 763 toixsts
598 690 755 758 llENll.
783 688 1073 759 SCHLEGEL

213 826 349 881 (merliu
371 821 406 875 de
426 822 540 874 Cicerone
563 820 689 891 singulari
710 817 800 872 studio
820 818 912 889 planes
934 818 1118 890 compositi*
1138 818 1233 883 libius,

174 910 270 965 Gellius
284 908 380 958 iterum
401 902 473 953 testis
485 915 542 963 est,
561 902 659 953 erroris
672 912 759 951 tamen
771 918 832 951 essm
849 916 974 951 accusem
989 896 1100 951 aduini
1119 899 1149 953 itt
1162 912 1233 953 ets!

172 986 308 1044 Ciceronis
320 979 515 1052 computanda,
537 982 555 1032 l.
581 981 645 1042 ΧΥ,
660 997 683 1031 c.
696 980 742 1032 28.

214 1066 349 1119 cometis·
368 1062 450 1113 inulta
471 1058 626 1123 tradidisse,
648 1076 707 1128 qun
731 1056 764 1110 ad
783 1055 990 1129 descriptionem
1008 1057 1082 1109 orbis
1103 1071 1232 1111 unm

172 1156 304 1219 spectant,
318 1141 444 1194 discimus
466 1159 482 1192 e
506 1141 584 1192 Plinii
605 1140 717 1190 Historia
732 1137 857 1190 ‚t'aemtt
884 1135 1004 1190 Subinde
1017 1137 1119 1191 citetur
1135 1139 1164 1191 in
1183 1138 1232 1193 bot

171 1243 251 1298 opere
266 1224 346 1292 ,i'epos
359 1233 483 1290 tanquam
495 1220 608 1288 scriptor
621 1216 675 1269 fide
686 1216 797 1287 dignus,
805 1214 852 1268 sed
865 1215 1025 1287 quibusdam
1035 1216 1142 1271 inlotis
1153 1218 1231 1271 ninia

170 1307 196 1358 ei
218 1303 393 1375 exprobratur
411 1298 560 1350 credulitas.
587 1298 681 1349 Plimss
704 1297 765 1348 satis
786 1296 902 1361 hahens,
925 1297 1076 1349 nominasse
1099 1310 1232 1351 auctum

171 1385 319 1443 librorum,
335 1378 369 1431 sd
388 1397 455 1450 quos
469 1390 631 1448 respexerat,
651 1376 742 1427 titulos
758 1376 944 1445 pretermittit.
962 1375 1024 1428 Pari
1037 1374 1141 1441 modo,
1161 1378 1232 1431 liis-is

171 1482 227 1516 sion
240 1460 396 1519 nominatis,
418 1459 445 1509 in
463 1458 527 1509 locis
548 1455 731 1526 geographicis
742 1454 861 1509 Cornelii
878 1455 1041 1507 mentionem
1052 1456 1156 1509 iaciunt
1166 1458 1233 1511 ttets

169 1556 195 1595 et
210 1542 323 1594 Solinus
346 1538 463 1589 Delinire
482 1537 570 1607 itaque
590 1536 634 1585 sir
653 1532 753 1589 audeo,
777 1546 868 1585 utrum
886 1534 1026 1588 Cornelius
1045 1536 1181 1606 singulare
1200 1535 1233 1589 de

172 1622 329 1690 Geogmplsia
339 1636 408 1689 opus
418 1616 617 1686 conscripserit,
627 1633 660 1666 an
667 1615 753 1667 solum
761 1614 866 1684 scriptis
874 1615 927 1666 suis
936 1614 1085 1679 historicis,
1096 1618 1232 1669 occasione

170 1702 246 1764 data,
267 1713 295 1751 ut
309 1696 435 1749 ilistorici
451 1694 586 1747 interdum
599 1696 685 1746 facere
696 1706 723 1745 et
735 1693 819 1745 solent
836 1706 864 1745 et
873 1691 987 1758 debent,
1010 1693 1152 1764 quadam,
1175 1714 1232 1767 qun

169 1781 204 1834 ad
218 1777 414 1849 Geogrophiam
433 1777 579 1845 pertinent,
597 1774 758 1843 insperserit.
787 1773 867 1831 hri,
884 1774 912 1825 in
923 1774 1020 1843 quibus
1035 1775 1127 1827 nimie
1139 1773 1231 1829 credo·

169 1861 251 1914 litatis
265 1858 401 1926 arguitur,
424 1867 485 1906 sunt
501 1853 581 1905 Plinii
596 1853 664 1904 llist.
681 1853 775 1904 Natus.
792 1852 812 1903 l.
829 1852 884 1917 111,
895 1870 919 1904 c.
937 1854 970 1905 1⁸
984 1866 1011 1905 et
1030 1853 1049 1905 l.
1061 1856 1097 1917 V,
1115 1874 1140 1907 c.
1157 1874 1181 1909 s.
1200 1856 1230 1907 lu

169 1941 259 2011 priore
271 1938 331 1989 loco
344 1934 484 1989 Cornelius
500 1933 589 2003 Nepos
605 1929 823 2003 reprehenditur,
843 1930 917 2002 quod
936 1951 990 1983 non
1003 1929 1155 1998 dubitarit,
1178 1935 1230 2007 ipse

168 2017 234 2072 Padi
246 2017 348 2078 sccisla,
361 2033 408 2065 sua
418 2012 471 2064 lide
481 2014 588 2063 lirmare
596 2023 777 2063 commentum
788 2008 896 2063 illudde
904 2012 974 2064 Istro
979 2010 1098 2082 quodam
1107 2012 1232 2083 flumine,

167 2094 393 2169 quodeDanuhio
406 2094 434 2144 in
442 2090 552 2143 Adriam
562 2090 672 2143 effluere
684 2090 887 2161 perhibebatur,
899 2109 931 2142 ex
943 2089 1126 2145 adrersoPadi
1137 2095 1230 2148 ianm.

167 2179 201 2229 ln
221 2172 337 2228 secundo
354 2172 430 2235 loco,
453 2171 500 2241 qui
518 2170 704 2223 Mauritaniam
719 2170 889 2239 Tingitanam
907 2170 1055 2242 urbemque
1073 2185 1101 2224 et
1128 2192 1230 2227 amnem

168 2258 248 2309 Lixos
260 2254 368 2316 attinet,
381 2251 486 2322 gravius
497 2269 511 2301 a
522 2250 608 2302 Plinio
621 2250 773 2320 increpatur
783 2250 887 2302 Noster.
903 2249 966 2303 Hac
974 2252 1047 2303 enim
1059 2254 1230 2307 sontrerba:

171 2364 183 2383 .
192 2336 270 2388 Extat
283 2334 310 2385 in
324 2350 354 2384 ea
369 2326 453 2391 (Lixo
468 2327 570 2391 insula)
582 2348 627 2381 ara
640 2328 773 2385 Herculis,
793 2348 842 2382 nec
861 2341 958 2401 proter
971 2330 1099 2384 oleastros
1110 2332 1186 2387 alind
1200 2352 1229 2386 er

170 2426 301 2467 ·narrato
318 2412 364 2464 illo
384 2410 500 2463 aurifero
518 2428 635 2461 nemore.
665 2408 756 2461 Minus
780 2409 900 2479 protecto
924 2409 1057 2463 mirentur
1079 2425 1231 2483 portentosa

171 2494 300 2547 slireciae
314 2489 464 2553 mendacia,
479 2488 514 2541 de
529 2490 561 2541 iis
575 2500 602 2540 et
617 2506 694 2541 amne
708 2487 776 2539 Lixo
788 2487 905 2559 prodita,
919 2490 966 2559 qui
979 2489 1113 2560 cogitent,
1128 2506 1230 2547 nostros

170 2601 182 2622 ι
192 2591 279 2643 nuper
288 2572 369 2642 paulo
383 2570 471 2621 minus
484 2568 645 2623 monstrihcs
661 2565 783 2638 quadam
799 2566 834 2621 de
850 2564 943 2620 iisdem
962 2567 1118 2624 tradidisse:
1134 2590 1232 2643 prora·

170 2649 272 2703 ·lidam
300 2651 368 2700 hauc
399 2649 509 2711 orbem,
531 2650 711 2718 majoremque
733 2647 893 2718 Carthagine
916 2666 1025 2718 magna3
1049 2664 1180 2720 protero.
1198 2670 1229 2705 a

170 2758 182 2779 ι
192 2728 303 2781 adverso
319 2731 376 2797 ejus
395 2727 486 2789 sitam,
503 2738 529 2777 et
548 2744 633 2797 prope
656 2727 785 2779 immenso
798 2739 882 2780 tractu
895 2728 929 2779 ab
941 2728 1035 2799 Tingi3
1052 2747 1167 2802 queque
1181 2730 1227 2785 alia

169 2836 181 2859 ι
194 2809 320 2862 Cornelius
334 2807 415 2877 Nepos
435 2805 569 2856 avidissime
590 2806 699 2859 credidit.
711 2832 723 2852 s
749 2807 811 2858 Non
828 2807 942 2871 mimm,
959 2807 982 2859 sl
1004 2810 1162 2875 Cornelius,
1185 2810 1227 2883 (μ’

164 2887 338 2961 polygraphis
351 2883 565 2938 annumerandos·
577 2884 696 2949 ridetur,
708 2904 764 2938 nnn
777 2887 867 2938 omnia
880 2900 1000 2939 accurate
1014 2889 1077 2940 satis
1088 2889 1229 2962 perpend‘n

167 2982 193 3022 et
209 2967 393 3038 investigarit,
406 2967 443 3030 si,
462 2965 573 3017 nimiusn
590 2964 675 3017 fidem
697 2965 809 3017 aliorum
831 2966 1015 3032 relationibus,
1035 2986 1126 3021 amore
1140 2988 1227 3023 rerum

167 3049 328 3101 mirabilium
351 3059 378 3099 et
395 3046 451 3098 reri
467 3043 580 3115 quadam
599 3045 687 3116 specie
706 3043 849 3116 aliquando
865 3043 989 3117 deceptus
1007 3047 1066 3101 luit.
1090 3047 1226 3121 idipsum

165 3128 254 3181 Plinio
270 3144 390 3198 quoque,
415 3124 462 3195 qui
478 3137 530 3177 tam
553 3125 646 3177 acerbe
671 3142 732 3176 eum
754 3127 855 3197 carpit,
878 3143 1069 3195 nonnunquam
1089 3127 1226 3193 occidisse,

203 3209 210 3220 '
237 3226 254 3258 n
286 3205 335 3258 et?

164 3226 318 3338 unoeiisscen
337 3284 452 3354 attigisse
470 3282 648 3347 Cornelium,
668 3294 740 3353 patet
760 3302 776 3334 e
793 3283 873 3335 Plinii
889 3284 1003 3354 junioris
1021 3285 1134 3355 epistola
1151 3304 1226 3359 suprs

164 3377 377 3419 commemorata.
406 3359 529 3414 Defendit
544 3362 615 3414 enim
632 3363 660 3413 in
679 3381 723 3427 ea,
739 3363 857 3415 Cornelii
871 3375 897 3414 et
910 3375 950 3414 tot
962 3363 1076 3416 aliorum
1089 3366 1225 3437 exemplis.

164 3464 239 3498 susm
252 3447 280 3497 in
295 3440 440 3497 scribendis
452 3440 645 3513 recitandisqoe
664 3441 798 3494 versiculis
810 3442 966 3495 libertatem.

205 3526 388 3577 Memorantor
403 3522 436 3573 ab
456 3521 585 3573 Amms'sm
600 3520 756 3581 olvatum,
774 3522 911 3583 illocmbio,
929 3522 1068 3584 Prs'scs'aso,
1084 3526 1224 3585 munis,

163 3605 283 3675 Epistoloe
298 3602 405 3654 Cornelii
415 3600 450 3651 ad
466 3599 600 3652 Ciceronem
618 3612 643 3650 et
659 3599 779 3652 Ciceronis
800 3601 836 3651 od
849 3600 996 3663 (bruelium,
1012 3603 1135 3673 pluribus
1154 3604 1226 3657 tibris

162 3684 286 3737 collecte.
295 3680 389 3732 fidem
400 3680 512 3745 iaciunt,
529 3679 703 3732 intercessisse
715 3681 785 3734 inter
792 3680 842 3735 hos
852 3681 924 3733 viros
934 3679 1070 3752 quoddam
1081 3684 1225 3737 litterarum

163 3762 365 3823 commercium,
380 3771 502 3812 constans
513 3760 632 3812 Cornelii
644 3759 758 3812 amicitia
772 3778 833 3831 erga
847 3761 979 3821 Atticam.
999 3761 1138 3817 Ciceronis
1152 3764 1225 3817 lami·

163 3843 270 3904 liarem,
284 3853 311 3892 et
330 3838 413 3911 ipsios
432 3840 549 3891 Cornelii
562 3839 643 3891 verba
657 3837 692 3890 de
712 3838 849 3892 Ciceronis
864 3838 897 3891 ad
917 3843 1034 3893 Atticum
1048 3843 1180 3913 epistolis,
1199 3844 1225 3895 in

162 3923 216 3974 sita
230 3921 325 3983 Attici,
343 3938 400 3990 cap.
417 3922 461 3971 ιθ.
477 3919 604 3988 Egregius
619 3918 698 3970 etiam
710 3918 783 3970 testis
796 3931 835 3971 est
854 3920 996 3980 Suetonius,
1018 3923 1111 3992 quiin
1131 3924 1185 3976 rita
1195 3922 1224 3977 C.

125 4026 129 4037 ·
162 4002 228 4054 Julii
242 3998 352 4052 Caesaris
369 3999 424 4069 ipsa
451 3997 528 4049 affert
547 3997 683 4049 Ciceronis
703 3997 737 4050 ad
754 3998 909 4051 Cornelium
927 4001 1023 4053 verbu:
1043 4028 1054 4048 ι
1068 4000 1225 4067 Quidlort·

165 4110 176 4127 .
189 4094 278 4133 torum
293 4096 371 4149 quem
383 4078 447 4131 hnic
459 4089 603 4147 antepones
612 4068 773 4145 edrom,qui
788 4078 854 4130 nihil
868 4077 940 4131 alind
955 4081 1157 4149 egeruntiQuis
1171 4100 1225 4135 sen·

166 4190 176 4207 ·
186 4160 275 4213 tentiis
285 4171 329 4210 out
337 4158 440 4211 acutior
448 4168 494 4209 aut
501 4155 637 4209 crebrior?
647 4157 715 4221 Quis
721 4158 809 4209 serbis
815 4170 860 4211 aot
867 4160 985 4212 ornatior
992 4173 1037 4213 aut
1047 4160 1221 4232 elegantior?-

161 4240 212 4294 Sed
224 4239 344 4291 eamdem
361 4250 458 4289 sortem
470 4253 598 4307 perpesso
613 4249 676 4289 sunt
691 4237 733 4289 lsss
747 4237 888 4309 Epistola,
899 4258 979 4310 quam
996 4253 1035 4293 tot
1051 4241 1118 4304 alia,
1132 4243 1224 4313 quibus

161 4321 302 4389 antiquitas
322 4316 466 4388 gaudebat,
486 4315 629 4369 volumina.
656 4317 824 4372 &mensis
844 4320 954 4372 lortasse
966 4320 1077 4373 luissent
1090 4320 1223 4375 Ciceronis
