2706 4770
377 421 379 424 .
415 364 482 432 ET
508 364 751 434 JUDICIA.
1051 391 1110 438 m

108 494 169 564 Sed
191 496 286 562 aiunt
305 492 447 563 editores
466 518 475 561 ε
497 496 617 563 Evenit
637 495 703 564 hoc
723 493 956 590 chronologia,
979 495 1013 565 in
1035 499 1111 568 vitis

64 602 124 671 istis
144 600 334 670 ordinandis
352 614 498 686 servata,
518 614 558 669 ut
578 603 737 670 Datames
763 626 840 670 eum
857 601 969 672 boum
987 603 1112 675 obtine·

63 723 120 777 ret.
130 707 243 776 Audio.
257 709 302 775 At
318 731 408 778 nunc
425 726 558 801 quaero:
574 707 674 778 Unde
687 707 783 778 nobis
798 709 860 779 ista
869 709 912 779 ad
929 709 1110 780 chronolo-

62 816 122 908 gia
137 811 217 909 leges
237 812 326 882 facta
346 814 489 883 ritarrun
504 812 690 883 ordinatio?
708 817 810 885 Estne
828 816 870 886 ab
888 830 1024 885 auctore
1039 817 1111 911 ipso

63 919 220 989 instincta?
229 919 342 1008 Quid,
353 922 380 988 si
391 918 456 989 hoc
467 943 587 1015 negare
599 919 725 990 ausim?
740 921 850 1011 Quid,
863 924 890 992 si
905 922 992 991 hauc
1005 947 1110 1016 nega·

62 1028 174 1096 riom
193 1028 418 1120 argumentis,
431 1050 472 1095 ex
491 1027 592 1121 ipsius
613 1028 722 1122 operis
741 1027 1006 1098 conforrnatione
1024 1029 1111 1124 peti·

60 1135 110 1220 tis,
127 1132 296 1202 adstruam
308 1147 407 1226 atque
422 1131 624 1202 sustineam?
642 1135 730 1228 Age,
748 1134 813 1203 lroc
831 1131 1057 1230 experiamur!

104 1241 192 1309 Cum
212 1252 370 1308 accurato
393 1253 426 1308 et
448 1239 559 1308 sobrio
585 1241 745 1333 scriptore
765 1264 818 1308 res
841 1241 938 1309 nobis
954 1256 1012 1310 est.
1034 1244 1110 1309 Non

60 1343 135 1414 solet
145 1344 264 1414 talisin
273 1337 488 1415 adornatione
504 1346 650 1438 partium
664 1347 762 1414 unius
773 1359 873 1438 atquc
886 1345 1032 1438 ejusdem
1045 1347 1111 1415 his·

59 1452 149 1522 torici
162 1453 274 1546 operis
292 1474 312 1518 a
330 1453 427 1545 genio
445 1452 546 1522 totius
564 1448 756 1538 deflectere,
773 1466 808 1520 et
821 1473 934 1520 secum
952 1475 1110 1545 pugnare.

59 1557 132 1646 Quo
150 1559 233 1626 vitio
254 1557 309 1626 hic
334 1555 418 1625 liber
438 1581 477 1625 ex
500 1571 634 1650 recepta
654 1559 797 1626 vitarum
817 1556 1025 1627 ordinatione
1042 1558 1112 1626 sinc

59 1662 153 1732 dubio
161 1661 308 1750 laborat,
319 1678 357 1732 ut
368 1664 492 1735 mirum
504 1664 561 1749 sit,
572 1664 738 1731 neminem
753 1663 916 1732 editorum
926 1662 992 1732 hoc
1002 1662 1112 1732 adhuc

58 1771 130 1839 satis
145 1769 426 1839 animadvertisse.
442 1766 750 1855 Consideremus,si
765 1769 890 1864 placet,
899 1768 988 1838 illam
1003 1769 1113 1863 operis

59 1873 265 1969 particulam,
274 1899 349 1969 quar
360 1874 494 1944 inscribi
505 1873 589 1944 solet
599 1873 644 1944 de
657 1874 814 1970 Regibus.
824 1876 934 1964 Quem
947 1875 1114 1957 ordinem,

58 2006 180 2075 (μω,
194 1984 228 2052 in
241 1980 451 2051 recensendis
465 1980 597 2076 regibus
610 1995 728 2050 auctor
743 1981 798 2051 hic
816 1980 976 2049 instituit?
994 1983 1114 2051 Nonne

60 2086 203 2158 videmus
220 2087 316 2158 illum
332 2100 460 2156 certum
478 2086 655 2181 quemdam
672 2091 824 2179 gentium
838 2085 987 2155 ordinem
1005 2088 1117 2180 sequi,

58 2209 154 2288 atque
182 2198 229 2264 ita
257 2192 461 2288 singularum
493 2195 641 2287 gentium
666 2193 802 2261 exiurios
837 2216 931 2286 reges
956 2206 1119 2288 perpetua

59 2301 139 2369 serie
160 2301 334 2394 prosequi,
356 2297 446 2367 nulla
469 2323 511 2368 ex
535 2297 605 2367 aliis
626 2300 844 2393 permixtione
872 2298 1040 2368 admissa?
1064 2300 1118 2368 Sic

58 2406 155 2501 igitur
174 2409 323 2502 gentium
344 2407 450 2500 prima
469 2403 516 2473 illi
537 2418 741 2474 memoratur
761 2410 945 2474 Persarum
961 2433 975 2491 ;
993 2430 1035 2475 ex
1055 2405 1119 2473 hac
1139 2461 1141 2464 Α

59 2535 151 2607 reges
183 2536 251 2581 una
282 2513 365 2580 serie
399 2511 578 2605 producit,
604 2513 749 2605 Cyrum,
779 2512 919 2580 Darium
947 2513 1123 2606 Hystaspis

59 2617 188 2706 lilium,
223 2621 394 2704 Xerxem,
422 2617 636 2686 Artaxerxem
671 2617 725 2685 cui
760 2631 831 2686 erat
862 2631 1118 2712 cognomentum

57 2724 262 2812 Mraoclru,
288 2738 323 2793 et
350 2726 565 2792 Artaxerxem
591 2725 790 2818 cognomine
816 2725 1009 2792 Mnemona.
1035 2725 1120 2792 Tum

56 2833 203 2924 sequitur
221 2855 304 2926 gens
323 2829 575 2915 Macedoniarn
597 2853 639 2898 ex
652 2852 756 2923 eaque
768 2832 926 2898 continuo
948 2828 1120 2923 Philippus

56 2963 116 3006 rex
123 2940 302 3030 ,Amyntae
315 2934 418 3023 filius,
435 2949 469 3003 et
488 2933 672 3004 Alexander
687 2937 840 3028 Magnus
857 2934 989 3004 Deinde
1007 2959 1119 3003 succe·

54 3043 106 3111 dit
126 3067 205 3137 gens
217 2989 459 3138 Epirotarum,
477 3056 512 3111 et
531 3066 573 3111 ex
592 3065 632 3110 ea
650 3065 708 3110 rex
724 3040 881 3133 Pyrrhus.
902 3042 1020 3107 Postea
1040 3062 1119 3135 gens

57 3150 198 3236 Sioda,
210 3173 252 3218 ex
269 3172 336 3243 qua
352 3147 448 3216 nobis
466 3147 619 3266 producit
638 3147 834 3239 Dionysium
856 3147 1010 3238 priorem
1034 3150 1120 3215 Tum

54 3255 201 3348 deniqne
226 3257 360 3349 attingit
388 3255 563 3348 separatim
587 3276 693 3325 noros
718 3252 796 3321 illos
824 3277 921 3347 reges
948 3251 1052 3322 factos
1077 3277 1118 3321 ex

52 3363 172 3431 amicis
185 3376 218 3431 et
233 3359 396 3457 praesectis
414 3358 590 3429 Alexandri
607 3360 738 3454 Magni,
752 3360 976 3455 Antigonum,
994 3362 1117 3429 Deme·

52 3470 173 3556 trium,
197 3467 450 3563 Lysimachum,
478 3465 669 3555 Seleucum,
696 3464 920 3535 Ptolemaeum.
950 3469 994 3533 At
1026 3491 1116 3537 nunc

53 3573 224 3671 paululum
256 3571 371 3642 oculos
399 3588 632 3642 convertamus
661 3571 704 3640 ad
728 3574 845 3641 seriem
877 3573 1115 3665 imperatorum

52 3685 276 3767 Gmoorum,
300 3704 385 3774 quos
413 3679 584 3774 hucusque
608 3704 642 3748 se
673 3679 719 3747 ait
742 3692 960 3772 pertractasse
987 3693 1112 3748 auctor.

51 3790 125 3877 Ibi,
140 3812 244 3883 quum
267 3811 402 3882 prorsus
424 3784 504 3854 nihil
525 3784 729 3855 difficultatis
749 3787 945 3879 reperiatur,
966 3810 1033 3880 quo
1051 3786 1113 3853 mi-

52 3921 116 3966 nus
137 3893 236 3965 simili
255 3895 385 3962 ratione
405 3907 522 3963 auctor
542 3890 744 3986 singularum
765 3893 900 3963 Graecioe
921 3893 1112 3974 civitatum,

50 4003 138 4073 inter
157 4026 194 4071 se
211 4014 459 4095 separatarum,
478 3999 579 4070 duces
598 3998 793 4070 excellentes
811 4012 973 4093 perpetuo
995 3994 1112 4064 ordine
