2706 4770
420 329 732 400 nrnrrsnns.
1102 363 1122 432 7

74 451 219 522 itionibus
234 455 358 543 oriens,
380 457 555 529 adversum
569 475 659 530 tenet
676 463 814 533 Athenis
828 465 1122 559 proficiscentibus.

67 558 238 648 Miltiades,
260 563 414 632 morandi
432 579 563 664 tempus
579 594 647 636 non
668 568 809 657 habens,
833 597 966 642 cursum
989 573 1122 663 direxit,

60 690 125 758 quo
142 668 310 757 tendebat,
329 674 545 768 pervenitque
563 675 818 745 Chersonesum.

113 775 155 840 tt
178 775 229 844 lbi
242 776 336 845 brevi
346 792 496 872 tempore
508 781 744 852 Barbarorum¹
759 786 864 878 copiis
877 784 1036 877 disjectis,
1050 800 1121 856 tota

57 881 203 973 regione,
224 908 327 976 quarn
357 887 515 979 petierat,
544 890 681 982 potitus,
708 887 784 959 loca
809 889 972 959 castellis²
1000 891 1120 962 idonea

57 990 288 1075 communivit3
310 990 568 1080 multitudinem,
585 1020 684 1088 quam
694 1021 804 1065 secum
815 995 969 1084 duxerat,
987 999 1020 1064 in
1031 1001 1119 1093 agris

59 1090 241 1183 collocavit,
266 1097 456 1192 crebrisque
477 1102 725 1170 excursionibus
748 1101 971 1198 locupletavit.
1000 1107 1118 1198 Neque

59 1199 157 1268 minus
178 1203 214 1268 in
238 1227 279 1270 ea
301 1228 337 1271 re
360 1205 550 1298 prudentia,
573 1233 672 1301 quam
697 1207 867 1294 felicitate,
888 1208 1019 1301 adjutus
1043 1225 1116 1279 est:

64 1326 125 1373 nam
140 1331 248 1400 quum
267 1296 409 1380 virtute³
428 1311 569 1382 militum
588 1315 761 1383 devicisset
776 1315 921 1383 hostium
941 1318 1116 1403 exercitus,

68 1432 176 1480 simma
194 1416 350 1507 aequitate
372 1441 425 1485 res
442 1421 625 1507 constituit,
644 1435 743 1514 atque
764 1422 834 1515 ipse
848 1419 969 1488 ibidem
983 1445 1116 1491 manere

71 1512 203 1587 decrevit.
227 1523 312 1591 Erat
334 1525 422 1591 enim
444 1526 529 1593 inter
552 1550 608 1594 eos
633 1526 791 1621 dignitate
816 1512 943 1620 regul,
966 1529 1116 1618 quamvis

72 1624 179 1693 nnbat
200 1629 337 1697 nomine
352 1655 360 1696 τ
376 1653 483 1723 neque
505 1631 538 1699 id
557 1633 660 1725 magis
679 1634 830 1727 imperio,
854 1658 952 1726 quam
968 1632 1115 1725 justitia,

74 1747 252 1801 muratus.
274 1736 392 1829 Neque
405 1762 446 1804 eo
468 1738 573 1805 secius
585 1738 856 1826 Atheniensibus,
878 1738 1031 1831 aquibus
1042 1753 1114 1807 erat

73 1835 228 1922 proiectus,
249 1839 360 1910 officia
379 1843 564 1937 praestabat.
588 1845 718 1933 Quibus
733 1845 832 1914 rebus
850 1845 968 1929 fiebat,
989 1859 1111 1913 utnon

72 2051 218 2123 ἃμωῑτίο,
238 2058 309 2110 imus
329 2059 476 2113 Thraecias.
489 2086 500 2106 ι
515 2094 551 2104 -
598 2062 677 2115 latur.
695 2087 706 2108 ι
720 2063 783 2112 Erat
794 2079 871 2112 mons
882 2078 972 2112 saxeus
982 2059 1111 2114 mediocri

73 2133 180 2188 Mrem
201 2150 273 2190 restet.
295 2139 334 2190 Ex
358 2137 468 2192 adverso
489 2140 555 2209 list,
598 2141 697 2192 castello
708 2130 770 2192 iotis
782 2152 882 2210 patens.
900 2167 910 2186 ·
929 2140 1032 2192 Sallust.
1047 2142 1108 2211 lug.

71 2209 204 2270 aheneus.
214 2218 437 2290 Metapboraere
446 2221 554 2273 militari
598 2221 684 2273 XCII.
705 2253 747 2289 7-
767 2220 901 2272 Collocavit
925 2220 1108 2274 multitudinem.

71 2287 218 2367 deprompta,
230 2317 284 2368 qua
297 2296 397 2350 directa
410 2300 477 2352 acies
489 2319 552 2352 con·
597 2300 664 2366 Quat
680 2319 756 2369 agros
768 2301 911 2370 assignatos
925 2301 1031 2353 coleret.

71 2381 96 2422 ut
107 2374 207 2428 alteram
223 2376 365 2431 adversum
382 2391 486 2443 tenere,
501 2380 553 2432 hoc
639 2382 664 2433 3.
684 2381 789 2431 Virtute.
804 2378 979 2433 Fortitudine.
995 2381 1032 2432 Ut
1047 2399 1106 2451 pas·

70 2464 107 2515 tu,
123 2457 240 2526 opposita
261 2477 332 2522 esse,
352 2471 423 2511 recte
445 2457 552 2513 dicitur.
596 2460 688 2511 simin
705 2459 814 2530 optimis
830 2460 980 2512 auctoribus
996 2478 1025 2511 ac
1040 2481 1107 2531 prae·

69 2533 205 2588 -Cum
217 2537 430 2608 Navigationem.
596 2541 674 2610 cipue
684 2539 710 2591 in
721 2539 844 2592 Sallustio
855 2557 862 2590 τ
873 2566 884 2585 ι
895 2540 929 2591 Ni
940 2546 1019 2590 oritus
1029 2538 1106 2592 lides-

92 2610 148 2667 Cae.
168 2617 204 2668 11.
224 2635 249 2669 1.
271 2616 444 2670 Bnrlororun
466 2618 553 2670 Thra·
596 2637 647 2689 qne
662 2633 765 2684 vestra,
778 2631 827 2671 etc.
849 2617 945 2671 Nonne
958 2620 1041 2671 emori
1057 2638 1105 2688 per

67 2704 116 2744 (Ι.
125 2694 219 2767 Populi
230 2697 305 2749 enirn
316 2699 417 2749 externi
428 2717 442 2749 a
453 2698 552 2751 Grecis
594 2703 707 2750 uirtutem
722 2710 845 2770 prestat,
859 2711 907 2749 etc.
922 2725 931 2743 ·
949 2698 1027 2749 Catil.
1043 2698 1104 2749 XX.

66 2765 149 2825 hbui
159 2777 333 2830 vocabantur.
351 2774 425 2828 Idem
440 2796 482 2848 ap.
497 2780 552 2829 Ro·
594 2811 634 2820 —
644 2781 782 2830 Deoicisset.
794 2778 903 2830 Penitus
912 2777 1104 2848 prostravisset.

65 2864 148 2919 hos,
162 2857 305 2927 Egyptios
324 2875 354 2908 ac
373 2857 491 2927 Scythas.
511 2890 552 2900 -
635 2865 661 2922 4.
690 2860 819 2926 Dignitute
843 2861 918 2927 tegio.
942 2856 1065 2927 Expulsis
1089 2876 1105 2907 e

64 2927 163 3001 stubs&
181 2937 330 3008 Dissipatis.
348 2937 387 2989 Ita
404 2935 475 3007 apud
494 2937 552 2989 Cat·
595 2939 759 2991 Chersoneso
784 2937 949 2999 Thracibus,
973 2936 1104 3006 rebusque

62 3015 177 3078 md,
186 3017 232 3081 25,
243 3014 279 3069 de
291 3017 362 3068 bello
373 3016 443 3069 Gall.
459 3044 470 3063 ι
481 3017 551 3069 Pha·
593 3018 646 3069 suis
656 3017 693 3068 ibi
702 3017 864 3080 confimatis‚
874 3013 1021 3066 Miltiadem
1030 3033 1104 3067 usur·

61 3084 122 3159 bnsse
136 3094 245 3166 ὥρια,
266 3094 361 3167 gladiis
379 3095 506 3150 districtis
522 3098 550 3149 in
593 3115 667 3167 passe
677 3095 847 3166 tyrannidem
860 3106 988 3146 testantur
1002 3094 1104 3147 Plutar-

60 3170 224 3244 ‘oelmpetutn
238 3178 368 3229 fecerunt.
383 3201 394 3221 »
593 3174 721 3240 chns,de
735 3195 791 3227 sera
803 3174 919 3226 numinis
933 3172 1103 3239 vindicta,et
1160 3233 1161 3237 Ἰ

91 3267 115 3302 ².
133 3253 195 3305 Im
211 3257 317 3308 castellis
335 3256 428 3307 idonea
447 3254 547 3308 Herod.
592 3253 764 3321 Herodotus,
788 3256 843 3315 VI.
868 3255 913 3322 39.
938 3255 997 3306 Non
1021 3254 1102 3325 igitur
1213 3309 1216 3314 ,

60 3325 108 3393 ll,
127 3333 179 3398 ³6,
192 3333 272 3389 docet
290 3335 419 3388 isthmum
435 3335 550 3388 Chersn·
592 3335 719 3388 diuturna
735 3338 790 3407 ejus
805 3333 970 3387 dominatio:
984 3335 1101 3406 primum

59 3411 99 3462 Mi
119 3412 265 3468 Miltiadem
285 3416 438 3487 praesepisse
453 3434 549 3480 muro,
592 3416 690 3467 enimn
706 3415 827 3487 Scythis,
843 3413 940 3467 deinde
960 3433 974 3466 a
993 3415 1100 3467 Pboeui·

59 3491 120 3544 tiu
140 3495 296 3566 Apsinthios
316 3494 474 3547 cohibuisse.
495 3496 548 3548 Ista
591 3497 666 3549 cibus
679 3497 785 3567 pulsus,
798 3496 914 3548 Athenas
926 3494 1101 3564 confugit.-

60 3575 226 3626 mesomio
234 3574 269 3628 de
278 3575 346 3640 alio,
355 3588 384 3626 nt
394 3594 473 3645 supra
483 3573 550 3627 dixi·
594 3577 709 3646 Quamvis
725 3576 824 3627 carebat
838 3579 938 3627 nomine.
955 3572 985 3624 ld
1000 3587 1054 3638 est,
1070 3575 1102 3626 ti·

60 3662 113 3716 ω,
135 3654 258 3708 ltssnude
279 3668 369 3707 nmat
389 3653 490 3706 Herod.
508 3688 545 3696 —
592 3657 649 3708 tulo
667 3656 743 3726 regis.
765 3656 880 3724 Quamvis
897 3673 958 3706 cum
978 3653 1100 3707 indicati-

60 3726 168 3785 &auu-
180 3749 270 3789 autem
282 3735 478 3787 munimentum
493 3753 548 3786 cas·
591 3754 624 3787 vo
638 3736 726 3787 minus
741 3737 878 3792 usitatum,
896 3733 996 3805 maguis
1014 3747 1100 3786 tamen

60 3814 176 3868 unium
183 3828 237 3880 est,
246 3814 377 3887 oppidum
389 3815 460 3867 enim
469 3814 547 3877 vallo,
590 3816 733 3886 exemplis,
744 3817 798 3868 Tit.
810 3816 868 3868 Liv.
883 3817 924 3875 11.
937 3821 988 3879 40,
1003 3827 1101 3866 etc.—

60 3883 123 3957 Βῐι,
142 3908 169 3947 et
189 3896 309 3951 turribus
330 3914 413 3966 quum
432 3895 547 3965 cingitur
593 3895 745 3948 Consecutus.
759 3897 819 3948 Non
829 3914 880 3966 qua
892 3897 1046 3967 imperator,
1054 3888 1100 3943 sed

59 3983 140 4026 “tm
148 4013 157 4039 ‚
165 3973 232 4028 dum
241 3977 316 4029 vicus
326 3976 447 4028 entellum
459 3975 548 4046 appel·
592 3994 645 4045 qua
656 3979 753 4046 justus,
761 3974 788 4028 id
798 3975 923 4028 obtinuit.
937 4006 978 4018 -
996 3971 1096 4040 Officia.

863 4078 902 4158 1⁴
