2706 4770
435 298 885 421 OBSliRVATLONES.
1117 352 1186 425 331

127 482 195 534 loeis
208 479 339 534 accusarit
351 479 473 546 Plinitu,
485 492 517 533 nt
529 500 609 553 supra
625 483 777 536 monuimus
791 502 819 554 p.
834 483 905 545 3²23
917 493 942 533 et
958 500 1056 534 errasse
1070 484 1149 535 etiam
1163 485 1191 537 in

127 561 210 613 rebus
222 559 354 613 historicis
372 559 445 613 band
466 561 541 632 parvi
556 561 702 624 momenti,
724 562 864 623 evincent,
885 559 983 626 credo,
999 561 1120 632 quasdam
1132 582 1191 634 quse

127 652 222 712 postea
239 637 361 692 dicturus
384 658 452 693 snm.
477 641 644 693 veneramur
669 641 754 695 bonos
779 642 938 712 scriptores,
959 660 1014 693 non
1039 643 1060 694 si
1088 660 1192 695 cauum

127 738 224 772 eorum
233 737 427 790 quamcumque
434 719 601 790 suscipimus,
614 732 641 772 et
648 721 972 791 argumentisquibuslibet
981 739 1192 792 propugnamus3

127 798 175 852 sed
189 816 274 870 quum
287 816 391 852 errores
397 798 570 851 humanitatis
584 811 658 852 sorte
671 798 798 852 admissos
811 800 886 852 facile
898 802 1192 866 excusamus,etbonos

127 896 159 931 sc
169 877 326 949 diligmtea,
339 879 423 949 qualis
443 879 551 931 omnino
573 879 623 931 luit
644 879 798 944 Cornelius,
814 897 872 942 eos,
891 880 952 949 qui,
964 880 1081 932 veritatis
1097 892 1124 933 et
1142 881 1193 933 ele·

127 958 225 1029 guntin
245 956 370 1020 studiosi,
396 976 476 1030 qnam
498 959 625 1030 plurimas
647 976 690 1011 res
709 971 781 1010 recte
805 971 832 1010 et
846 970 965 1011 accurate
981 957 1191 1017 tradiderimus

127 1037 211 1108 vulgo
223 1038 383 1108 amiptornm
396 1039 571 1105 secernimus,
589 1039 699 1109 quibus,
714 1037 779 1090 dum
793 1037 912 1090 chartam
927 1038 1069 1108 impleant,
1081 1037 1192 1110 perinde

127 1128 170 1169 est
182 1134 243 1187 qun
256 1118 414 1189 scripserint.

169 1196 222 1251 VI.
242 1195 372 1250 Ruditatis
391 1209 418 1249 et
433 1196 461 1249 in
478 1197 548 1268 stylo
560 1207 588 1250 et
602 1199 629 1249 in
642 1200 721 1250 rebus
734 1197 864 1250 accusarit
875 1196 988 1258 librum,
1012 1214 1092 1267 quern
1106 1210 1193 1250 tanto·

127 1293 195 1348 pm
210 1276 322 1347 plurimi
333 1274 533 1341 commendant,
550 1276 645 1348 caspar
659 1277 788 1338 Boethius,
806 1288 1001 1347 argumentatus
1013 1275 1089 1341 inde,
1104 1278 1193 1329 seculo

127 1355 245 1427 Augusti
255 1374 312 1409 non
326 1374 383 1409 csse
401 1356 512 1410 omnino
529 1355 648 1427 dignum.
668 1357 799 1409 Monstrat
816 1368 888 1408 certe
910 1355 967 1408 baso
993 1355 1191 1426 argumentandi

127 1437 216 1500 ratio,
231 1434 386 1499 Barthium,
406 1437 524 1506 quamvis
532 1438 651 1507 apprime
663 1434 786 1499 doctum,
798 1453 889 1487 rerum
900 1436 1075 1488 humanarum
1089 1435 1193 1488 modice

127 1514 213 1569 tuisse
223 1532 345 1585 gnarum
366 1516 546 1581 Extollantur,
565 1518 625 1586 jure
638 1514 760 1587 quidem,
778 1515 898 1568 maximis
912 1514 1034 1567 laudibus
1050 1515 1136 1567 secula
1148 1516 1191 1567 illa

127 1594 241 1647 Periclis
254 1605 283 1647 et
295 1596 414 1664 Augusti.
434 1597 470 1647 At
481 1595 540 1666 quis
551 1593 656 1661 credat,
672 1596 741 1647 inter
759 1607 830 1647 tanta
845 1596 958 1659 lumina,
973 1613 1032 1664 quae
1047 1596 1133 1647 secula
1147 1595 1192 1646 illa

127 1673 314 1738 illustrarunt,
332 1692 387 1727 non
401 1675 480 1727 luisse
496 1675 568 1745 ignes
586 1675 713 1738 minores,
728 1675 832 1727 nullum
847 1673 1018 1737 audaculum,
1037 1674 1084 1744 qui
1096 1675 1192 1745 scripta

127 1770 194 1819 sus,
213 1752 289 1824 parvi
309 1753 371 1806 licet
389 1756 528 1818 astirmta,
552 1752 666 1807 ediderit
686 1754 791 1807 tamen?
826 1753 947 1808 Credidit
969 1753 1106 1818 Barthius,
1126 1754 1192 1806 vitas

129 1850 199 1904 quas
209 1831 341 1885 babemus
353 1834 565 1903 imperatorum,
582 1834 712 1904 originem
727 1833 835 1905 quidem
851 1834 955 1886 trahere
969 1852 984 1886 a
1000 1833 1125 1885 Cornelio
1139 1834 1193 1885 Ne·

129 1923 211 1982 pote,
225 1910 273 1965 aed
294 1930 351 1964 esse
369 1914 490 1983 aequiore
508 1931 564 1965 aevo
586 1915 619 1965 ab
638 1913 747 1965 AEmilio
767 1914 856 1966 Probo
878 1926 1028 1985 correptas,
1041 1931 1087 1965 seu
1105 1914 1193 1984 potius

129 2003 282 2062 corruptas.
306 1991 472 2063 Praecipuum
488 2010 520 2044 ex
535 1993 591 2062 ejus
606 1993 765 2063 argumentis
780 2012 835 2045 esse
848 1991 927 2046 video
950 1993 1092 2062 insignem,
1113 2010 1192 2063 quam

130 2072 161 2123 in
171 2072 228 2125 sita
238 2070 379 2141 Iphicratis
390 2068 604 2124 animadvertisse
616 2091 644 2123 se
657 2073 771 2142 putavit,
786 2070 1039 2138 contradictionem,
1053 2089 1131 2142 quam
1139 2074 1192 2141 jam

131 2151 184 2205 suh
196 2168 307 2203 examen
321 2152 460 2204 revocabo.
482 2151 498 2202 J
500 2149 589 2203 udicat
604 2151 739 2214 barthius,
749 2152 828 2204 verba
844 2151 971 2215 auctoris,
986 2150 1084 2223 iphicr.
1097 2151 1150 2212 111,
1163 2169 1192 2216 ι,

128 2230 184 2285 Sed
196 2235 223 2283 in
235 2230 316 2282 labore
326 2234 435 2282 missus
444 2234 527 2287 nimis,
536 2250 667 2302 paruasque
673 2223 784 2301 patiens:
792 2243 820 2281 nt
831 2234 868 2281 ait
879 2231 1052 2301 Theopompio,
1063 2250 1118 2282 non
1129 2248 1194 2282 con·

129 2310 224 2363 venire
239 2328 316 2380 posse
330 2310 357 2362 in
370 2329 446 2373 eurn,
465 2311 512 2380 qui
527 2308 673 2363 secundnm
686 2329 709 2362 c.
724 2311 750 2375 1,
767 2330 781 2361 a
793 2348 801 2374 ,
815 2310 930 2362 multum
942 2310 970 2362 in
981 2310 1052 2362 bello
1062 2321 1191 2375 veranus,

131 2389 219 2441 multa
239 2390 268 2441 in
285 2408 314 2441 re
329 2390 437 2442 militari
456 2409 525 2442 nova
540 2391 640 2456 attulit,
657 2388 807 2454 concludit,
831 2408 886 2443 esse
901 2389 962 2442 talia
985 2387 1093 2460 indigna
1107 2409 1191 2443 aurete

130 2468 217 2521 uatis
232 2481 353 2533 anctore,
370 2468 482 2540 ideoque
494 2489 547 2522 non
559 2489 574 2522 a
587 2470 730 2533 Cornelio,
745 2468 817 2522 seda
831 2468 921 2522 Probo
940 2469 1050 2540 prolata.
1076 2471 1191 2531 luserit,

127 2548 293 2621 Iphicratem
304 2547 443 2620 aliqnando
456 2551 625 2620 exprobrasse
634 2549 818 2613 Pharnabazo,
828 2567 883 2600 esse
895 2567 955 2600 eum
967 2548 1055 2599 verbis
1066 2548 1190 2611 alacrem,

129 2628 213 2681 rebus
224 2626 339 2681 tardum,
360 2629 421 2694 Quo
435 2648 498 2693 ore,
517 2648 569 2699 qua
584 2629 683 2693 fronte,
706 2628 793 2699 inquit
811 2628 948 2688 Barthius,
969 2628 1081 2678 barbaro
1096 2625 1190 2677 vitium

130 2708 295 2779 exprobrare
310 2709 438 2779 potuisset
453 2708 611 2778 Iphicrates,
630 2708 682 2760 nisi
698 2708 808 2779 ipsemet
820 2706 918 2759 laboris
930 2718 957 2757 et
968 2704 1131 2757 strenuitatis
1141 2705 1192 2756 sibi

130 2786 256 2840 conscius
271 2787 384 2840 luisset?
403 2788 512 2840 Valeret
530 2784 727 2859 quodammodo
742 2798 941 2857 argumentum,
960 2785 981 2837 si
1004 2784 1106 2836 animus
1126 2798 1193 2836 esset

130 2865 274 2938 Iphicratis
287 2886 390 2919 causam
406 2867 516 2921 omnino
527 2867 674 2938 suscipere,
689 2880 715 2919 et
729 2885 788 2918 eum
800 2866 894 2936 qamvis
908 2863 990 2917 modo
1002 2863 1190 2935 aTheopompi

128 2945 341 3016 reprehensione
347 2947 468 2999 liberare.
481 2945 532 2998 sed
542 2960 612 2999 certe
628 2945 751 2999 concludi
764 2944 826 2997 inde
835 2964 889 2998 nou
902 2956 992 3016 potest
999 2941 1121 3013 id,qu0d
1134 2944 1192 2995 vult

131 3024 268 3078 Barthius.
280 3026 372 3097 Nepos
384 3028 456 3079 enim
470 3038 497 3079 et
510 3027 622 3098 quisque
635 3026 702 3078 alins
714 3026 785 3078 aurei
799 3025 880 3078 seculi
896 3024 1010 3093 scriptor
1017 3023 1126 3076 Latinus
1136 3042 1190 3075 non

129 3115 238 3177 poterat
255 3103 372 3176 judicare
384 3105 418 3159 de
431 3106 589 3177 imperatore
608 3105 716 3171 Graeco,
733 3107 782 3158 nisi
795 3102 939 3158 secundum
952 3122 996 3168 ea,
1008 3120 1067 3175 quse
1084 3100 1138 3155 lide
1153 3100 1193 3153 di·

129 3202 201 3255 gum
213 3185 307 3256 aliquia
320 3185 390 3239 inter
404 3187 541 3239 historicos
554 3185 661 3239 Graecos
671 3183 955 3237 tradiderat.Nominat
966 3183 1018 3235 hoo
1029 3182 1089 3234 loco
1098 3179 1192 3252 judicii

129 3263 174 3317 sui
186 3264 590 3337 anctorem,Theopompum.Et
598 3283 672 3336 quat,
684 3281 786 3335 quaeso,
796 3262 969 3316 contradictio
976 3263 1108 3334 reperitur
1121 3263 1191 3315 iuter

128 3342 274 3415 Iphicratis
285 3357 365 3415 caput
379 3346 392 3397 l
404 3357 431 3399 et
440 3344 501 3397 111?
521 3345 548 3397 Si
561 3347 619 3415 quia
632 3347 668 3397 ita
678 3342 798 3416 judicans
811 3344 921 3396 nesciret
933 3342 1051 3413 exempla
1066 3341 1193 3406 aliorum,

128 3422 193 3493 qui,
206 3422 269 3476 licet
285 3422 314 3475 in
333 3425 408 3477 bellis
424 3425 577 3487 strenui‚in
598 3425 688 3476 labore
698 3437 801 3488 tamen,
813 3421 842 3475 id
856 3436 895 3476 est
907 3424 933 3475 in
950 3422 1077 3493 negotiis,
1090 3421 1190 3475 remissi

128 3520 327 3573 nonnunquam
342 3504 432 3572 luere,
445 3503 549 3557 edoceri
566 3505 693 3575 potuisset
711 3504 753 3554 vel
765 3502 845 3556 solius
862 3501 1005 3555 Alcibiadis
1019 3501 1152 3572 exemplo,
1166 3514 1192 3554 et

128 3580 186 3635 hoc
200 3581 297 3635 vitium
308 3595 335 3635 et
351 3584 423 3637 illam
438 3583 564 3636 virtutem
580 3601 771 3654 nonnunquam
787 3583 815 3636 in
834 3581 928 3634 eodem
946 3582 1055 3634 homine
1072 3582 1193 3653 reperiri.

172 3660 239 3714 vu.
259 3662 327 3715 Sunt
341 3663 393 3716 loci
407 3664 435 3716 in
456 3664 559 3735 Nepote
576 3662 719 3716 variatione
732 3660 852 3717 codicum
868 3674 921 3714 tam
937 3661 1067 3733 ambigui,
1087 3674 1117 3713 ut
1138 3659 1191 3712 dis·

129 3739 224 3812 putari
237 3759 270 3793 ex
284 3755 396 3813 utraque
405 3755 480 3813 parte
491 3741 726 3813 veritatisqnadam
740 3743 824 3814 specie
833 3743 923 3814 possit.
939 3742 1082 3794 Conferam
1091 3753 1192 3794 tantum

127 3818 448 3889 aodioemThottiannm,
461 3821 605 3876 editionem
617 3822 777 3893 principem,
788 3835 815 3874 et
828 3824 979 3886 Boaisnam,
993 3841 1040 3874 eeu
1048 3859 1055 3884 ,
1064 3838 1123 3890 quae
1135 3836 1192 3870 eam

127 3900 267 3973 seqnitur,
288 3901 491 3956 Fischerianam.

169 3980 251 4034 Tales
263 3981 316 4035 loci
330 3994 412 4036 aunt:
