2768 5198
465 714 921 840 unstrutrrouss.
1150 769 1222 867 327

161 915 242 962 rum,
262 895 378 949 duorum
395 897 598 965 Thebanormn,
622 918 638 952 e
654 900 786 953 Corintho
803 918 866 953 vero
888 912 915 952 et
932 898 1079 970 Syracusis,
1104 913 1134 953 ut
1153 913 1227 955 etex

163 975 308 1030 Alexandri
323 975 450 1043 ducibus,
461 997 516 1031 non
524 979 575 1031 nisi
588 978 761 1050 singulorum.
771 979 820 1032 llis
832 978 1014 1032 novemdecim
1024 980 1227 1049 imperatoribus

164 1056 268 1112 Gracia
285 1055 424 1111 admiscuit
442 1077 558 1111 uuume
577 1058 687 1112 Persicis
707 1072 734 1112 et
753 1079 768 1114 a
786 1059 1036 1131 Carthaginensibus
1057 1057 1141 1125 duos;
1155 1061 1224 1131 ipse,

165 1133 263 1200 credo,
274 1137 359 1208 probe
365 1155 518 1208 pemuasus,
530 1156 574 1191 ear
586 1151 691 1209 gentes,
702 1139 861 1210 quasGrarci
876 1152 903 1191 et
911 1140 1023 1191 Romani
1037 1140 1227 1204 communiter,

166 1214 214 1269 sed
226 1234 321 1287 magna
332 1217 452 1288 prolecto
462 1217 572 1289 injuria,
588 1218 711 1271 barbaras
723 1218 887 1284 vocitabant,
902 1237 958 1270 non
968 1220 1048 1272 luisse
1058 1237 1072 1271 a
1083 1220 1188 1272 virtutis
1202 1232 1229 1272 et

164 1294 316 1367 prudentia
330 1294 408 1348 laude
426 1296 537 1362 alienas,
565 1309 592 1351 et
611 1297 696 1350 nobili
717 1309 853 1369 permotus
867 1298 993 1363 oonsilio,
1013 1311 1043 1350 ut
1060 1299 1130 1352 cives
1151 1318 1226 1357 suos,

165 1375 214 1447 qni
227 1376 333 1428 fortuna
352 1376 412 1428 elati
429 1377 543 1448 reliquas
565 1390 654 1448 gentes
670 1396 761 1430 ornnes
778 1390 947 1431 contemnere
961 1378 1094 1444 solebant,
1119 1380 1228 1432 meliora

162 1452 296 1508 edoceret.

207 1533 319 1605 Scripsit
333 1532 422 1604 Nepos
435 1533 591 1588 Grascorum
608 1535 746 1601 historias,
770 1555 803 1589 eo
823 1536 852 1588 in
873 1536 942 1588 banc
960 1548 1064 1606 gentem
1081 1535 1183 1600 studio,
1200 1550 1230 1590 ut

165 1612 870 1771 wlglffissssbtffllt‘fflstitt‘ti
881 1615 979 1766 3:¹33:
988 1628 1145 1765 ,Zsssstfflz
1156 1634 1229 1747 02:¹5

164 1772 299 1844 plur-ibus.
315 1772 412 1825 Narrat
423 1772 553 1826 Miltiadis
564 1774 650 1846 capite
663 1779 694 1839 6,
712 1776 789 1846 quale
806 1774 945 1846 praemium
965 1774 989 1825 ei
1005 1774 1040 1825 sit
1052 1774 1181 1826 tributum
1193 1775 1229 1827 ob

167 1851 511 1905 victoriamblarathonium
518 1872 686 1925 ,canumque
696 1854 801 1926 subjicit
808 1873 814 1907 :
821 1882 831 1901 ι
840 1855 901 1919 Quo
908 1854 1009 1906 lucilius
1015 1854 1125 1924 intelligi
1133 1853 1229 1924 possit,

168 1956 182 1980 a
196 1929 318 1985 eamdem
324 1931 444 1984 omniurn
453 1934 590 1987 civitatum
597 1952 651 1987 esse
659 1946 789 1987 naturam.
797 1935 836 1987 Ut
842 1935 912 1987 enim
921 1933 1014 2005 populi
1024 1933 1106 1986 nostri
1113 1933 1228 1985 honores

169 2034 182 2058 ι
195 2009 333 2083 qnondam
345 2012 453 2064 luerunt
466 2014 519 2066 rari
538 2026 564 2067 et
580 2027 688 2080 tenues,
708 2016 743 2066 ob
764 2033 875 2085 eamque
891 2031 996 2067 causam
1011 2012 1132 2083 gloriosi,
1158 2030 1231 2065 nunc

167 2116 181 2138 ι
192 2102 281 2144 autern
295 2090 374 2144 eliusi
389 2105 468 2163 atque
485 2094 616 2160 obsoleti;
639 2095 676 2147 sic
696 2094 761 2146 olim
783 2091 853 2166 apud
869 2093 1041 2167 Athenienses
1061 2092 1140 2145 fuisse
1154 2110 1230 2162 repe·

167 2197 181 2219 ι
193 2170 286 2224 rirnns.
296 2196 308 2217 ι
332 2173 417 2224 Aurea
434 2186 495 2225 sunt
510 2173 567 2226 lraec
583 2174 663 2226 rerba
676 2174 786 2239 lectori,
798 2170 1003 2245 quiGrecorum
1017 2184 1042 2224 et
1050 2173 1230 2224 Romanorum

163 2250 329 2321 aliarumque
341 2252 459 2321 gentium
473 2253 559 2305 noscit
574 2253 728 2317 historiam,
752 2265 777 2306 et
792 2252 881 2324 quiin
896 2271 985 2306 causas
998 2252 1109 2322 inquirit
1123 2263 1230 2304 servate

162 2328 307 2402 apndalios
314 2330 838 2403 integritatis,upudalioscitoconsecutrc
846 2331 1231 2404 depravationismorum.Lau·

162 2406 212 2463 dat
223 2409 336 2479 Agesilai
345 2411 470 2481 pietatem
482 2418 531 2476 cd
548 2429 555 2463 ε
573 2438 583 2459 ι
600 2412 654 2476 Qui
664 2430 747 2483 quum
759 2412 853 2464 victori
865 2423 985 2482 praeesset
996 2409 1137 2471 exercitui,
1147 2409 1230 2462 maxi-

167 2512 180 2537 ·
194 2506 318 2560 mamque
323 2489 433 2542 baberet
438 2489 562 2543 fiduciam
570 2491 644 2562 regni
652 2492 791 2544 Persarum
799 2489 1014 2563 potiundi‚tanta
1022 2487 1150 2542 modestis
1158 2487 1231 2541 dicto

167 2594 180 2617 ι
191 2567 301 2622 audiens
319 2569 370 2621 tuit
380 2571 458 2638 jussis
471 2571 619 2623 absentium
635 2571 848 2642 magistratuum,
864 2582 895 2622 ut
906 2571 928 2622 si
945 2571 1063 2641 privatus
1078 2569 1107 2619 in
1122 2568 1230 2620 comitio

166 2672 180 2696 ι
195 2659 262 2701 esset
274 2646 389 2719 Spartre;
399 2674 410 2695 ·
428 2662 454 2701 et
470 2651 605 2722 subjungit
621 2669 628 2704 :
647 2649 722 2722 Cujru
736 2651 866 2722 exemptum
883 2653 974 2702 utinum
991 2653 1141 2720 imperatores
1155 2650 1231 2699 nostri

161 2732 231 2801 sequi
250 2728 401 2785 volumem!
425 2728 488 2805 blac
506 2732 597 2795 verba,
616 2749 675 2802 quar
689 2734 789 2801 justum
807 2731 858 2784 riri
875 2730 937 2782 boni
951 2727 1097 2782 doloreme
1118 2741 1232 2799 pertur-

159 2807 269 2861 batione
281 2807 373 2878 patrire
385 2822 543 2880 conceptum
563 2811 747 2875 manifestant,
763 2824 853 2881 aperte
862 2809 1007 2881 respiciunt
1020 2807 1053 2861 ad
1067 2809 1098 2862 L.
1110 2808 1209 2878 Syllam
1223 2846 1231 2873 ,

160 2886 211 2958 qni
232 2887 333 2958 primus
352 2888 487 2953 omnium,
509 2888 583 2943 etad
605 2891 707 2943 Iulium
730 2891 874 2954 Caesarem,
898 2890 944 2960 qui
967 2889 1086 2959 sequenti
1106 2900 1229 2956 tempore

161 2967 308 3019 exercitum
320 2968 490 3033 Romanum,
513 2970 556 3021 cui
575 2970 691 3039 praefecti
713 2982 804 3033 erant,
832 2981 937 3022 vetante
963 2979 1076 3032 senatu,
1102 2964 1228 3018 adversus

162 3045 261 3099 urbem
279 3046 391 3099 llomam
410 3046 552 3101 duxerunt.
577 3049 686 3101 Posseut
705 3049 784 3102 etiam
800 3047 926 3119 applicari
947 3044 981 3098 ad
1000 3044 1156 3107 Octavium,
1171 3045 1228 3115 qui,

164 3142 227 3179 man
235 3126 351 3178 exercitu
360 3144 374 3177 a
382 3140 473 3180 senatu
480 3128 574 3180 missus
587 3140 679 3180 contra
688 3128 842 3191 Antonium,
855 3125 1006 3198 paulopost
1019 3142 1091 3178 arma
1105 3122 1230 3177 adversus

164 3216 287 3259 senatum
303 3207 448 3271 convertit3
463 3208 485 3259 ai
501 3207 566 3260 certi
579 3225 694 3260 essemus
706 3205 740 3259 de
754 3225 836 3270 anno,
855 3224 908 3277 quo
924 3205 1012 3275 Nepos
1026 3204 1092 3256 vitas
1104 3202 1231 3255 excellen-

165 3284 235 3338 tium
253 3284 444 3356 imperatorum
464 3287 628 3358 conscripsit.
654 3288 695 3339 De
719 3286 868 3358 Thrarrbuio
890 3303 986 3355 agens,
1012 3302 1095 3355 quum
1114 3282 1230 3334 Athenas

164 3362 280 3418 liberare
295 3383 428 3436 aggressus
443 3378 525 3432 esset,
540 3366 626 3436 inquit
641 3365 780 3419 Cornelius
802 3384 860 3436 cap.
879 3382 912 3417 2:
933 3390 944 3410 .
959 3364 1052 3433 Neque
1073 3373 1160 3414 tamen
1179 3380 1230 3432 pro

169 3470 182 3492 ι
192 3444 322 3516 opinione
336 3444 498 3517 Thrasybuli
514 3458 596 3498 aucte
616 3457 678 3498 sunt
698 3462 769 3517 opes,
785 3445 853 3496 Nam
864 3445 917 3514 jam
932 3455 981 3494 tum
1001 3442 1051 3494 illis
1066 3441 1230 3512 temporibus

171 3548 183 3570 ι
193 3524 290 3578 fortius
300 3525 364 3585 boni
378 3544 428 3596 pro
438 3526 558 3578 libertate
570 3526 758 3597 loquebantur,
769 3543 847 3597 qnam
861 3523 1039 3595 pugnabant·
1048 3521 1146 3573 Dolona
1159 3539 1231 3573 com·

165 3616 350 3675 perstructos
370 3612 415 3657 su'a
435 3605 518 3676 ipsius
538 3618 658 3677 tempora
681 3623 742 3658 cum
767 3605 836 3668 illis,
855 3603 952 3674 quibus
970 3600 1095 3665 Athenae,
1117 3612 1231 3673 quatuor

166 3684 224 3737 fere
239 3684 333 3737 seculis
357 3696 432 3747 ante,
454 3687 557 3738 tristem
578 3686 627 3738 sub
648 3685 755 3756 triginta
775 3683 894 3756 tyrannis
915 3680 1067 3735 servitutem
1087 3680 1230 3733 subierant.

165 3762 234 3829 Quis
250 3764 323 3816 enim
338 3765 433 3832 nescit,
444 3764 489 3818 illa
506 3766 602 3832 verba,
613 3765 713 3818 Fortius
728 3765 785 3817 dorii
793 3784 839 3833 pru
853 3763 961 3815 libertate
972 3761 1140 3832 maclarum,
1160 3778 1230 3832 quam

162 3842 322 3915 pugnabant,
347 3844 417 3895 inter
432 3846 529 3898 multos
541 3846 606 3898 alios
621 3846 649 3898 in
667 3846 754 3917 ipsum
770 3843 944 3907 Ciceronem,
969 3840 1102 3912 egregium
1113 3839 1232 3910 alioquin

166 3924 272 3989 civem,
288 3924 449 3976 convenire?

206 4002 270 4056 Hoc
288 4015 315 4056 et
334 4003 384 4055 alia
403 4005 465 4057 satis
484 4023 614 4075 superque
631 4002 778 4068 declarant,
800 4003 821 4056 si
838 3999 1066 4074 argumentatione
1083 4019 1151 4072 opus
1166 4010 1233 4053 esset

165 4082 194 4135 in
206 4100 236 4137 re
247 4083 487 4150 confecta3virisse
499 4095 633 4137 auctorem
646 4084 725 4156 hujus
735 4084 811 4150 libri,
824 4080 944 4153 Pompeii
955 4093 982 4133 et
994 4078 1231 4143 Cesaris,Antonii

163 4160 305 4216 etOctavii
317 4174 408 4229 etate,
418 4176 445 4217 et
453 4180 510 4216 esse
520 4161 658 4228 eumdem,
673 4164 720 4235 qni
731 4164 813 4217 vitam
822 4160 965 4234 Pomponii
974 4160 1055 4214 Attici
1068 4158 1232 4228 conscripsit.

162 4242 307 4296 Declmnt
317 4240 388 4297 idern
401 4262 575 4316 quascumque
583 4240 696 4297 subinde
710 4244 738 4295 in
749 4243 802 4297 hoc
815 4244 900 4307 libro,
914 4241 986 4294 utin
1000 4240 1154 4313 prelatione
1167 4237 1231 4290 etin

163 4320 368 4394 Epaminonda,
379 4321 413 4376 de
425 4324 544 4377 moribus
551 4325 731 4376 Romanorum
740 4334 900 4386 monentur,
915 4340 975 4393 qne
986 4321 1076 4374 omnia
1088 4316 1233 4372 incusatis

163 4413 191 4455 et
203 4401 316 4474 Augusti
328 4415 431 4457 etatem
442 4400 581 4474 quadrant.
680 4432 682 4437 ·
1032 4460 1034 4469 ¹

1008 4496 1021 4537 4

951 4532 993 4575 21
