2706 4770
268 339 381 406 curt
407 337 555 406 rtur.
583 315 937 409 complutum.
1056 345 1123 419 381

64 470 172 539 aliquot
189 467 261 518 locos
280 467 410 538 excipias,
432 468 460 518 iu
482 485 515 525 eo
534 467 648 519 inveniri
668 486 744 538 posse
761 481 848 538 puto,
870 487 928 540 quc
945 471 1069 527 lectorem
1087 479 1129 531 vel

65 548 181 600 minime
194 559 324 611 moretur3
344 548 372 599 in
389 547 511 599 omnibus
528 564 621 616 magna
639 559 678 600 est
692 548 849 618 superbissimi
861 550 926 601 illeiis
939 555 1031 604 αωίιιιιι
1041 557 1130 624 judaeis·

65 628 233 692 reverentia3
254 626 282 678 iu
299 627 421 679 omnibns
433 625 563 698 exquisita
576 627 716 697 elegantia,
736 626 854 680 miranda
870 630 1018 702 proprietas
1033 636 1129 688 verbo·

67 727 148 771 rum,
163 706 352 759 absolutissima
363 708 508 777 prasertim
516 706 638 759 brevitas.
659 708 690 757 In
700 706 749 759 bac
756 726 851 779 nempe
859 707 1010 763 Sallustium
1019 725 1046 765 et
1053 714 1128 767 Thu·

67 785 195 858 cydidem
209 785 243 838 ad
255 785 411 839 imitandum
426 785 476 838 sibi
490 786 661 856 proposuisse
672 783 793 851 videtur,
812 787 849 839 ita
860 800 891 839 ut
903 789 975 843 hunc
984 810 1039 844 non
1047 810 1128 846 amu·
1219 790 1224 803 ’

67 869 142 920 letur
153 865 234 918 modo
252 867 280 918 iu
295 866 431 937 plurimis,
451 864 497 918 sed
512 865 606 935 saepius
619 865 699 917 etism
712 864 745 916 ad
759 866 870 918 verbum
885 871 1038 937 transferat,
1054 872 1128 944 quod

71 948 204 998 Pausania
219 958 245 998 et
263 947 425 996 Themistoclis
442 945 522 996 vitam
536 944 632 1014 legenti
647 944 755 1014 planum
770 945 828 997 erit.

109 1024 162 1078 Sed
176 1025 299 1098 quoniam
308 1025 508 1077 Themistoclea
518 1024 634 1094 epistole
646 1024 889 1094 interpretationem
902 1027 1059 1097 significavi,
1072 1031 1129 1084 obi·

67 1118 112 1158 ter
128 1106 172 1157 hic
188 1117 278 1157 notare
301 1106 393 1168 liceat,
411 1101 441 1154 id
460 1122 491 1155 er
507 1120 535 1154 es
555 1121 631 1174 posse
648 1103 753 1173 colligi,
772 1104 870 1175 Nepoti
887 1107 986 1159 scilicet
1003 1108 1127 1164 Grecnrn

66 1202 216 1237 armonem
234 1204 288 1236 non
304 1186 410 1255 penitus
425 1183 504 1234 luisse
517 1196 692 1254 perspectum.
708 1183 771 1236 Hac
785 1184 858 1236 enim
872 1187 951 1238 verba
960 1187 1042 1240 Xerxi
1055 1190 1127 1243 The·

68 1265 217 1317 mistoclem
227 1265 359 1335 scripsisse
371 1275 459 1315 narrat
469 1260 655 1333 'lhucydides‚
670 1265 698 1327 1,
711 1264 765 1331 ¹37
783 1281 790 1314 :
811 1268 915 1335 llapesps
927 1261 1072 1337 διωκόμενος
1079 1271 1127 1322 ὑπὸ

68 1350 121 1396 τῖον
136 1335 244 1401 Ἑλλήνων
267 1339 312 1395 διὰ
330 1343 374 1398 τὴν
391 1343 436 1398 σὴν
453 1341 558 1412 petias,
569 1359 627 1413 quse
639 1341 747 1413 quidem
768 1343 804 1394 ita
823 1346 953 1400 convertit
967 1346 1074 1418 Nepos,
1098 1349 1127 1402 in

74 1424 189 1476 Themist.
205 1443 233 1476 11
247 1442 254 1475 ε
275 1423 347 1475 Nunc
359 1435 437 1473 autem
449 1422 484 1473 od
494 1434 517 1472 te
530 1424 640 1491 confugi,
656 1425 793 1491 exagitatus
806 1442 822 1473 a
837 1436 921 1474 sumta
937 1424 1045 1487 Gracia,
1062 1438 1126 1479 tuum

64 1515 151 1573 pereas
166 1507 302 1555 amicitiam.
324 1503 397 1554 Hane
406 1520 497 1554 vocem
509 1497 554 1555 διὰ
567 1513 611 1558 τὴν
625 1503 669 1558 σὴν
682 1504 775 1572 φιλίαν,
787 1502 956 1574 intelligimus
971 1523 1043 1557 nunc
1053 1526 1128 1577 prop·

69 1595 110 1634 ter
126 1597 190 1634 tuam
203 1585 341 1643 amicitiam,
358 1599 411 1633 uon
426 1594 490 1632 tuam
500 1593 582 1651 petras
597 1585 732 1634 amcitiam.
753 1583 778 1634 N
780 1600 809 1635 ec
817 1581 887 1635 dieat
897 1584 990 1655 aliquis
997 1585 1128 1656 Nepotem

66 1661 240 1731 Thucydidis
259 1660 366 1731 quidem
387 1680 491 1713 sensum
511 1662 642 1727 tenuisse,
668 1659 714 1713 sed
735 1663 815 1714 verba
834 1662 889 1734 ipsa
911 1665 1052 1717 transferre
1072 1684 1128 1718 non
1182 1649 1193 1675 ⁹

67 1743 199 1805 voluisse3
215 1743 259 1812 qui
275 1754 330 1792 tum
343 1742 447 1810 gravius
460 1741 626 1811 peccavisset.
653 1742 773 1812 Namque
790 1742 837 1793 nbi
851 1743 1038 1796 Themistocles
1051 1762 1079 1797 se
1094 1743 1128 1798 ad

67 1823 172 1891 Regem
188 1821 329 1891 confugere
342 1819 496 1890 profitetur,
515 1822 594 1873 verba
610 1821 680 1884 hac,
699 1833 763 1872 taam
779 1834 861 1892 petens
880 1826 1023 1885 amicitiam,
1050 1825 1128 1896 plane

68 1899 248 1971 superfluunt.
269 1900 463 1972 Signilicantior
475 1918 565 1952 sensus
579 1913 605 1953 et
617 1898 650 1952 ad
663 1899 855 1971 impetrandam
865 1902 941 1972 Regis
950 1903 1061 1973 gratiam
1069 1902 1128 1956 effi·
1234 1948 1238 1958 .

69 1981 177 2045 cacior,
198 1981 220 2032 si
241 1980 351 2050 supplex
371 1979 507 2044 innuerit,
527 1997 554 2031 se
574 1993 684 2050 propter
703 1981 786 2050 ipsam
799 1981 867 2032 hanc
882 1982 991 2050 gratiam
1006 1983 1039 2034 sb
1055 1984 1130 2035 omui

69 2059 175 2113 Gracia
187 2060 265 2111 luisse
277 2058 443 2129 exagitatum.
460 2059 561 2112 Censeo
573 2076 635 2130 ergo
650 2054 694 2110 tet
708 2059 752 2114 τὴν
769 2061 812 2114 ele
830 2061 924 2128 φιλίαν,
936 2059 1010 2131 quod
1021 2061 1130 2133 Thucy·

69 2137 149 2193 dides
160 2138 194 2191 ad
208 2136 355 2210 dsese'pesee
368 2138 475 2204 retulit,
494 2137 624 2209 Nepotem
640 2136 673 2189 ad
689 2140 790 2207 πίριιμι
802 2139 928 2191 retulisse.

112 2222 147 2273 At
160 2221 182 2271 si
198 2237 231 2271 ex
246 2238 298 2270 una
312 2219 439 2271 sententia
453 2218 601 2270 Romanum
618 2217 774 2270 historicum
786 2217 878 2270 Gracc
893 2237 1013 2271 serrnone
1027 2237 1082 2272 non
1095 2219 1131 2273 la·

70 2298 248 2351 miliarissime
262 2317 340 2351 usum
355 2297 422 2350 mihi
434 2297 462 2350 in
477 2298 653 2369 suspicionem
663 2298 750 2364 venit,
771 2314 803 2350 ex
815 2298 898 2370 multo
911 2299 1032 2369 pluribus
1054 2299 1130 2354 Gra·

70 2397 134 2431 cum
149 2379 245 2449 lingua
258 2379 357 2430 Latinas
372 2377 519 2430 consuisse
536 2376 724 2448 peritissimum
738 2376 833 2446 conjici
849 2389 950 2448 potest,
963 2397 1049 2450 neque
1070 2381 1127 2451 ipse

72 2458 216 2510 inficiatur.
228 2458 296 2510 Nam
310 2456 375 2509 dum
385 2458 489 2522 Romu,
503 2468 530 2509 et
543 2458 570 2508 in
585 2458 678 2509 ceteris
692 2457 773 2509 ltalia
784 2458 894 2509 urbibus
905 2472 1129 2525 commoraretur,

71 2550 105 2590 nt
116 2538 173 2608 ipse
189 2556 237 2589 nos
252 2538 280 2588 in
294 2537 347 2589 vita
362 2537 525 2588 Demosthenis
538 2534 630 2600 docet,
645 2537 737 2588 munia
747 2553 807 2605 qna
818 2537 886 2587 obiit
898 2549 925 2588 et
939 2537 1129 2608 philosophica

70 2616 265 2688 disputationes
279 2613 469 2687 impedimento
483 2616 556 2666 fuere
564 2654 572 2680 ,
580 2633 614 2666 ne
626 2616 746 2667 Latinam
759 2614 876 2682 linguam
890 2613 1029 2685 diligenter
1042 2617 1129 2687 perci·

72 2709 163 2768 peret;
178 2698 358 2748 Romanorum
372 2713 435 2746 vero
451 2695 546 2760 libros,
565 2710 647 2764 quum
660 2696 714 2763 jam
729 2692 817 2744 senior
831 2705 914 2756 esset,
933 2693 1019 2763 legere
1037 2695 1130 2766 coepit,

71 2787 186 2829 nectam
198 2776 285 2828 verbis
297 2777 363 2827 facta
376 2771 484 2839 didicit,
494 2790 573 2843 quam
584 2773 664 2824 verba
674 2772 757 2824 factis.
767 2770 836 2825 Huic
849 2771 959 2825 inscitie
967 2771 1075 2844 quidam
1089 2793 1131 2827 er·

72 2874 149 2908 rores
159 2855 188 2907 in
198 2856 340 2908 Plutarcho
349 2850 515 2906 adscribendi
524 2864 599 2917 sant,
610 2864 637 2903 et
643 2849 672 2902 id
681 2852 708 2903 in
720 2850 825 2922 primis,
837 2850 910 2923 quod
921 2853 1024 2917 omnia,
1033 2871 1091 2925 qua
1097 2852 1131 2907 de

72 2935 202 2988 Romanis
217 2934 420 3006 imperatoribus
434 2943 576 2997 memoret,
596 2949 650 2983 non
672 2931 794 2983 facillime
813 2932 845 2983 iis
865 2931 1059 3003 intelligantur,
1084 2934 1131 3006 qni

72 3015 170 3068 latina
183 3016 279 3085 scripta
295 3033 349 3066 non
367 3024 474 3065 norunt.
486 3011 558 3077 Quin
574 3008 645 3063 idem
660 3009 694 3063 de
711 3010 810 3064 Grecis
826 3011 905 3063 etiam
920 3011 1032 3065 ducibus
1046 3014 1130 3067 ausim

71 3092 179 3160 dicere,
188 3095 216 3146 in
227 3113 341 3166 quorum
354 3093 423 3145 Vitis
438 3092 520 3143 multa
533 3109 624 3144 manca
639 3102 666 3141 et
678 3090 788 3142 obseura
800 3091 980 3155 invenirem,
994 3093 1046 3145 nisi
1055 3093 1131 3164 prius

71 3175 198 3245 antiquos
213 3186 346 3237 auctores,
360 3186 386 3225 et
399 3190 444 3224 eos
458 3172 503 3242 qui
518 3169 608 3223 eadem
620 3188 699 3241 quern
712 3170 867 3222 Plutarchus
879 3183 1070 3237 tractaverunt,
1080 3173 1134 3226 lec·

69 3254 200 3307 titsveris.
222 3254 306 3305 Multa
321 3253 349 3304 in
360 3253 477 3321 Agesilao
489 3251 545 3304 sine
554 3250 745 3321 Xenophonte,
760 3251 789 3302 in
811 3250 919 3313 Cimone,
935 3251 1040 3313 Pericle,
1057 3252 1130 3306 Nicia

72 3334 132 3386 sine
146 3331 305 3403 Thucydide
318 3351 372 3385 non
391 3332 527 3402 intelliges.
548 3329 622 3400 Sape
645 3330 724 3382 etiam
748 3342 818 3382 errat
834 3332 863 3382 in
880 3331 959 3383 rebus
978 3331 1130 3386 notissimis.

76 3439 89 3460 ι
101 3414 193 3477 Quum
206 3411 367 3477 Alexander,
382 3412 484 3483 inquit,
503 3429 576 3463 raros
590 3408 717 3481 quosdam
734 3421 761 3462 et
776 3408 901 3463 delicatos
920 3410 1060 3481 pisciculos
1075 3411 1129 3466 He·

76 3519 89 3539 ι
102 3493 243 3562 phastioui
258 3492 388 3545 misisset:
410 3493 479 3561 Ego,
496 3490 584 3562 inquit
598 3489 766 3542 Anaxarchus
778 3490 964 3560 philosophus,
980 3503 1130 3565 satraparum

76 3596 89 3620 ι
101 3575 183 3642 capita
194 3573 334 3624 melabsem.
344 3597 355 3618 .
379 3571 433 3635 Qui
446 3589 535 3624 sensus
547 3571 588 3623 his
600 3569 688 3622 verbis
695 3568 724 3620 in
736 3569 808 3621 hunc
817 3568 926 3621 modum
939 3571 1062 3642 expositis
1073 3574 1133 3626 sub·

70 3669 131 3704 esse
146 3653 241 3722 possit,
264 3671 357 3716 nemo,
381 3664 411 3702 ut
425 3651 556 3713 arbitror,
570 3650 755 3720 suspicabitur.
775 3650 831 3702 Nec
846 3649 975 3704 lucidiora
989 3652 1051 3704 fecit
1067 3651 1130 3703 Plu·

72 3730 299 3803 terchss,·quum
318 3732 386 3783 hanc
407 3728 509 3781 addidit
526 3729 681 3782 sententiam
695 3747 702 3780 :
718 3720 775 3781 oles
795 3730 972 3792 ἐξωπλίζοντο
991 3730 1032 3782 eal
1049 3749 1131 3783 κατοι-

70 3811 233 3882 ροονιυόμινον
247 3814 302 3872 τοὺς
318 3812 351 3863 τὰ
364 3808 517 3880 reputem
530 3810 643 3879 μιγάλοις
656 3811 735 3869 πόνοις
748 3809 790 3861 uui
807 3805 923 3872 κινδύνοις
935 3808 1086 3872 διώκοντος,
1099 3813 1131 3869 ὣς

72 3887 147 3943 sudis
162 3892 179 3948 ἢ
193 3895 276 3962 μικρὸν
291 3894 314 3943 ἐν
329 3887 432 3950 ἡδοναῖς
447 3888 488 3941 καὶ
503 3890 656 3942 ἀπολαύσεσι
669 3891 742 3941 πλέον
754 3891 866 3957 ἔχοντος.
892 3890 924 3943 Id
938 3902 1040 3943 tantum
1055 3888 1131 3940 novi·

74 3988 150 4032 mus,
160 3970 246 4042 ipsum
253 3971 324 4024 Plut.
337 3989 391 4022 non
400 3968 561 4041 percepisse,
571 3967 636 4040 quid
647 3969 697 4022 sibi
707 3970 806 4022 vellent
816 3971 872 4022 hec
884 3967 1031 4022 Anasarehi
1042 3968 1134 4022 verba.
