2706 4770
149 346 224 417 326
312 344 541 415 JOANNIS
566 343 723 410 HENR.
753 338 1045 408 SCELEGEL

146 478 263 531 Silenum
287 489 313 528 et
340 472 628 526 Sosilum.11erodotus
657 467 832 522 desideratur.
862 469 978 538 Egomet
1001 468 1070 521 vitas
1097 465 1200 539 ριὶοιιι

147 571 261 627 quatuor
272 556 300 607 iu
309 553 453 607 Cornelio'
446 564 637 622 imperatorum
650 562 750 602 attente
762 550 867 620 legens,
878 566 977 619 easque
989 566 1199 619 compresum

147 636 257 689 historia
273 631 415 697 Herodoti,
440 650 494 684 nou
510 650 617 722 possum
637 649 692 683 non
711 629 778 700 quin
795 628 929 721 judicent,
947 625 1083 681 Herodoti
1103 627 1198 701 opnsia

148 713 265 769 Cornelii
279 724 449 783 conspectum
468 729 523 763 uon
545 712 655 764 venisse.
683 711 739 764 Nec
757 707 785 761 id
803 709 910 761 mirum.
938 709 973 760 Ιιι
995 720 1068 761 tanta
1087 707 1196 761 libem

36 796 38 801 '
147 795 302 847 Groecoruru
314 792 390 863 copia
399 829 409 857 ,
417 809 531 862 quorum
541 791 586 843 vix
596 789 717 842 vicesima
729 808 790 861 pars
801 800 953 860 temporum
970 788 1098 858 injuriant
1108 786 1195 858 effugit,

148 892 203 926 non
217 873 305 924 omnin
326 889 385 941 quae
404 869 437 922 ad
457 889 513 921 rem
527 871 709 940 pertinebant,
730 869 876 940 presertim
889 867 1057 938 antiquiora,
1077 865 1110 919 ad
1122 884 1194 919 m

147 972 203 1004 esse
223 963 345 1022 poterant
366 950 489 1020 scriptori
508 950 537 1001 in
552 950 609 1021 ipsa
629 949 732 1002 Grecis
751 946 875 1019 degenti,
893 944 996 999 nedum
1007 947 1120 1007 ,homini
1135 946 1191 999 ltals

149 1032 247 1083 Preter
265 1027 467 1100 Thucydidem,
488 1047 542 1099 quo
561 1029 702 1082 Cornelius
714 1027 828 1080 muxime
844 1046 906 1079 usus
919 1025 1045 1090 videtur,
1067 1027 1104 1079 its
1115 1028 1191 1097 uteju

149 1112 228 1163 verba
238 1127 430 1180 nonnunquam
439 1127 527 1179 presse
538 1108 566 1161 in
578 1126 727 1161 sermonem
734 1108 858 1159 Latinum
865 1106 1114 1170 verterit,auctores
1122 1121 1190 1158 omne

150 1190 246 1260 reliqui
264 1190 298 1241 ab
312 1208 343 1240 eo
361 1189 461 1258 allegati
474 1187 619 1258 perierunt.
641 1188 668 1240 Si
687 1198 864 1258 superessent,
889 1197 1026 1239 constaret
1045 1184 1138 1249 nohis,
1154 1201 1189 1254 φι

150 1268 204 1322 lide
217 1280 243 1320 et
256 1288 310 1339 quo
323 1267 426 1320 delectu
445 1269 531 1319 sontes
547 1267 650 1321 adierit.
668 1267 762 1332 Quum
778 1284 841 1318 vero
856 1263 961 1318 dudum
973 1264 1112 1318 hominurn
1123 1263 1189 1317 ode

151 1349 281 1419 lugerint,
297 1367 329 1399 eo
345 1347 439 1417 mojori
460 1346 489 1397 in
510 1349 597 1416 pretio
614 1345 753 1399 habendus
768 1346 846 1398 nobis
864 1358 903 1398 est
924 1344 1084 1408 Cornelius,
1099 1343 1139 1396 cui
1151 1345 1186 1412 jn

150 1428 268 1481 historin
283 1426 381 1478 Graecae
403 1426 544 1496 particulas
564 1425 694 1519 ’quasdam
711 1444 766 1478 non
788 1422 966 1496 aspernendas
986 1424 1066 1477 unice
1081 1421 1187 1476 debus

191 1508 326 1558 Jacturum
342 1503 413 1556 haud
428 1506 513 1557 levem
529 1506 650 1558 existimo
656 1517 781 1576 ,partem
794 1504 946 1557 Corneliani
957 1503 1049 1575 operis
1064 1498 1187 1556 ultcault

151 1585 357 1639 excellentibus
351 1597 420 1636 tuter
434 1586 590 1638 Romanos
583 1604 683 1656 impert
756 1586 850 1655 nsjsm
863 1602 920 1636 non
936 1583 1040 1636 haberi.
1063 1574 1188 1636 numos

152 1669 262 1729 latetur,
275 1683 302 1715 se
317 1665 345 1715 in
358 1664 419 1717 vitis
429 1665 564 1729 Marcelli,
572 1665 694 1719 Graccho
769 1663 908 1717 etLuculli
923 1661 1120 1717 conscribendis
1127 1661 1187 1731 ttsp

153 1760 206 1799 tem
221 1765 251 1796 ei
253 1743 305 1795 oh
298 1762 354 1795 isse
376 1744 442 1808 Qun
455 1744 505 1797 elia
517 1745 626 1797 nomina
639 1743 793 1797 illustranda
806 1743 946 1797 Cornelius
964 1743 1118 1814 susceperit,
1135 1742 1188 1811 ip·

152 1844 250 1879 ramus.
272 1822 406 1876 Credibile
418 1836 471 1889 est
486 1843 547 1876 eum
562 1843 677 1896 insigues
687 1843 757 1877 viros
767 1842 799 1877 ex
811 1842 884 1876 οιιιιιι
877 1821 1189 1894 eotemporedelepet,

155 1924 209 1976 quo
224 1906 405 1956 Romanorum
421 1903 512 1956 floruit
524 1906 680 1976 respublica
708 1904 786 1956 Foret
802 1921 863 1956 seue
885 1902 930 1955 hic
951 1902 1037 1967 liber,
1060 1902 1084 1954 si
1103 1899 1188 1955 susti

155 1986 273 2047 tulisset,
297 1983 424 2036 eximium
443 1983 626 2055 adjumentum
646 1984 679 2038 sd
698 1981 886 2055 pertexendam
904 1982 1048 2034 historiam
1060 1983 1191 2039 tonsu,

148 2065 290 2136 precipue
307 2063 335 2115 in
356 2064 407 2116 illis
419 2065 599 2135 temporibus,
618 2065 715 2136 quibua
735 2076 762 2116 et
781 2063 874 2116 Livius
892 2073 920 2114 et
933 2061 1082 2132 Dionysiae
1100 2059 1189 2113 llaliw·

154 2144 283 2197 nassensis
295 2144 352 2213 pari
364 2145 419 2195 fsto
432 2142 568 2198 deliciunt.

141 2239 146 2251 ’
196 2221 338 2290 Descripsit
355 2223 495 2274 Cornelius
513 2224 540 2275 in
560 2223 649 2295 operis
663 2234 752 2295 perte,
770 2240 829 2293 qu·
843 2220 936 2273 relicta
948 2231 1004 2288 est,
1020 2221 1117 2273 Groecn
1130 2228 1190 2290 geth

155 2299 235 2354 duces
249 2299 294 2370 qui
316 2302 442 2352 memoria
455 2299 528 2370 digni
544 2302 712 2366 viderentur,
731 2314 827 2374 prester
838 2319 921 2372 reges.
943 2301 1006 2370 Ipse
1018 2302 1090 2353 euius
1098 2312 1189 2370 expetet

155 2379 236 2442 dicit,
260 2396 288 2428 se
308 2378 356 2429 hos
374 2381 503 2450 attingere
521 2382 642 2435 noluisse.
664 2382 760 2435 Omisit
778 2382 871 2434 heroes
893 2378 928 2432 ad
944 2380 1096 2450 mythicum
1114 2391 1190 2448 temp!

154 2460 333 2532 pertinentes,
346 2459 430 2529 qualis
445 2460 496 2510 Tse
484 2479 560 2522 oscus,
577 2464 653 2532 cujus
667 2463 748 2515 ritem
761 2461 918 2513 Plutarchus
934 2472 1029 2530 postea
1043 2458 1190 2522 exararunt

155 2559 215 2594 eum
229 2556 290 2591 cum
304 2538 419 2590 Romulo
434 2554 607 2609 compararet.
624 2541 759 2594 Omisit
733 2559 804 2593 viros
817 2540 962 2610 sepientes,
973 2538 1144 2609 legislatores,
1155 2533 1190 2588 th

155 2638 292 2714 rpsque
264 2630 381 2670 oratores
388 2620 497 2690 ,quoles
506 2620 644 2689 Lycurgus,
660 2621 734 2674 Solos
749 2633 776 2674 et
790 2620 976 2680 ΒειιωιΙιειιιι,
990 2630 1190 2689 quorumnam·

155 2700 223 2754 rium
243 2684 314 2751 idein
329 2698 487 2750 Plutarchus
508 2699 657 2753 celebravit.
688 2699 740 2753 Sed
765 2700 854 2753 omisit
877 2699 959 2752 etiam
981 2698 1124 2751 nonnullos
1140 2694 1190 2748 titt·

155 2780 314 2851 preclaros,
336 2778 384 2848 qui
411 2778 507 2830 merito
531 2779 733 2850 imperatoribus
755 2780 854 2833 Grtccis
879 2775 1075 2832 annumerandi
1098 2776 1189 2829 tubat

155 2859 234 2912 Tales
248 2870 310 2911 suut
322 2858 391 2908 iuter
404 2858 565 2927 antiquiores
577 2860 681 2911 Pericles
687 2873 712 2910 et
720 2860 841 2919 Nidus,-
834 2871 903 2912 mter
911 2857 1090 2922 recentiores,
1099 2873 1142 2927 qut
1135 2854 1191 2926 pst

154 2936 335 2991 Alexandrum
355 2937 479 2989 celebrsti
496 2951 573 3005 suut,
595 2940 689 2991 Aratus
710 2951 738 2992 et
750 2940 925 3010 Philopoeuseu,
948 2937 1017 3006 Agis
1030 2950 1056 2989 et
1070 2936 1190 2989 cta-m

154 3036 221 3088 quos
235 3036 326 3069 omues
338 3014 476 3088 descripsit
487 3018 656 3083 Plutarchus3
667 3029 697 3071 ut
710 3030 808 3072 teneam
816 3017 994 3070 Aristodemum
1005 3029 1033 3070 et
1045 3017 1191 3070 Aristonea

153 3097 361 3161 Messeniorum,
388 3097 517 3148 horedum
542 3110 568 3149 et
586 3098 715 3150 Brustdam
734 3095 1014 3161 Lsoedtemoniorum‚
1039 3096 1192 3148 emin·

153 3175 349 3239 Macedonum,
369 3176 526 3228 fortissimos
541 3176 621 3229 duces
631 3197 697 3249 ,qtu
689 3174 830 3230 itidem:
847 3175 990 3228 Plutarcho
1009 3176 1053 3228 vel
1072 3166 1192 3227 οιιιῗιιίιιΙ

153 3257 230 3309 uobis
242 3275 296 3308 non
309 3255 392 3307 relicti
409 3269 478 3308 sunt.
493 3257 561 3309 Mihi
569 3257 677 3327 quidem
687 3276 742 3310 non
756 3254 902 3327 culpandus
912 3253 1023 3307 videtur
1029 3243 1191 3325 Nepos,qael

153 3333 209 3386 hec
220 3336 327 3387 ιιοιιιίιιι
338 3335 504 3404 preterierit.
519 3334 618 3389 Pendet
627 3336 853 3390 enimexnrlutrro
860 3333 1132 3406 auctorrshsographt
1143 3342 1192 3402 φῦ

153 3412 321 3480 potissimum
340 3413 412 3466 viros
429 3415 558 3469 illustrare
572 3416 652 3481 velit;
672 3428 699 3469 et
719 3418 813 3489 majori
806 3413 899 3468 laudi
911 3412 1000 3477 duco
1016 3410 1191 3484 pretermittit

70 3526 73 3533 -
152 3508 246 3542 eorum
258 3493 324 3545 vitas
332 3511 467 3563 ,quorum
479 3515 520 3548 res
530 3508 612 3564 gestas
623 3508 649 3548 et
657 3497 769 3549 virtutes
781 3514 835 3548 nou
845 3494 930 3567 probe
942 3494 1074 3545 habemns
1083 3490 1190 3562 cognitu

152 3588 232 3640 quam
245 3571 328 3623 levius
337 3584 448 3626 tractare
458 3593 499 3627 res
505 3594 676 3645 gravissimus
690 3576 757 3628 Earn
769 3573 849 3629 credo
859 3573 985 3627 Cornelio
1002 3590 1106 3626 οιιιιιιιιι
1119 3570 1190 3623 luis*

152 3666 202 3701 cur
216 3649 391 3719 quorumdum
409 3672 441 3704 ex
453 3654 485 3705 iis
508 3654 587 3705 vitam
603 3656 732 3726 attingere
750 3653 878 3719 uoluerit;
898 3653 978 3705 aliam
991 3671 1074 3717 vero,
1095 3639 1188 3722 quodsi

153 3740 266 3800 quatuor
275 3728 334 3781 illos
342 3731 433 3783 attinet
441 3751 506 3802 ,qur
500 3733 602 3784 ultimi
610 3733 763 3788 interdnces
770 3729 924 3788 esseorum
934 3732 1082 3795 habentur,
1091 3732 1187 3783 ΔΝΜ

152 3809 363 3880 Philopoemeua,
383 3810 451 3880 Agin
467 3824 492 3863 et
507 3812 685 3868 Cleomenem.
710 3816 754 3869 Illi
768 3815 840 3868 enim
855 3814 884 3868 iu
899 3831 930 3865 ee
943 3809 1066 3864 incidunt
1080 3819 1185 3877 tempu*

153 3889 249 3959 quibus
259 3889 369 3941 Romani
377 3891 539 3960 potentiores
550 3892 611 3946 lecti
619 3893 724 3949 Gruess
735 3913 777 3948 res
785 3912 860 3967 eque
871 3911 901 3946 ac
911 3910 972 3945 suas
980 3909 1058 3944 nosse
1067 3890 1184 3959 oepwl

191 3968 324 4022 Habemus
339 3987 354 4022 ι
369 3970 494 4023 Cornelio
510 3972 577 4027 ritas
594 3972 719 4029 undecim
733 3973 953 4036 Atheniensium,
975 3971 1057 4024 trium
1071 3968 1182 4039 spasano
