2706 4770
347 396 350 401 .
447 334 907 405 onssnvsrrovvns.
1129 339 1203 429 343

141 465 221 519 luisse
230 462 304 535 apud
314 463 486 517 Athenienses
498 465 680 519 auctoritatem
693 479 753 519 ante
761 485 876 537 pugnam
888 466 1055 522 Salaminiam
1064 509 1072 539 ,
1081 468 1206 527 discimus

142 542 321 597 ePl'utarclro.
348 544 375 596 ls
395 543 464 597 enim
487 543 586 607 tradit,
614 545 685 598 illius
709 546 873 616 potissimum
896 549 1017 619 exemplo
1039 552 1205 620 prevaluisse

142 624 284 677 consilinm
309 622 511 688 Themistoclis,
530 623 695 677 Athenarum
715 627 823 691 urbem,
851 628 1080 699 appropinquante
1104 631 1205 699 Xerxe,

141 700 326 774 relinquendi,
353 715 379 755 st
400 701 561 756 defendendi
588 705 700 775 patriam
728 707 857 760 munibus
886 707 992 778 ligneis,
1016 727 1062 761 seu
1084 710 1203 765 navibus.

142 781 297 842 Herodotus
316 781 434 837 Cimonis
456 786 618 837 mentionem
635 783 697 837 facit
714 785 826 852 nouam,
848 785 899 838 nisi
915 785 987 857 quod
1006 789 1152 843 narrationi
1170 789 1205 843 de

141 875 229 917 morte
242 860 372 923 Miltiadis
390 863 539 933 subjungit,
563 863 701 917 Cimonem
720 863 805 917 filium
825 865 949 919 mulctam
965 867 1111 921 exsolvisse.
1133 870 1206 922 Con·

141 941 215 997 dudi
229 941 295 995 inde
307 953 405 1012 potest,
425 940 454 997 id
467 940 540 1013 quod
558 955 584 997 et
599 942 716 996 historiae
729 944 807 999 series
821 945 977 1009 confirmat,
992 965 1046 1001 non
1061 940 1205 1001 admodum

140 1023 249 1094 longam
268 1021 348 1077 inisse
364 1021 484 1077 Cimonis
504 1021 659 1077 custodiam.
692 1023 797 1076 Erravit
820 1043 884 1076 vero
910 1025 1047 1078 Cornelius
1073 1027 1101 1079 in
1126 1029 1207 1081 rebus

140 1101 272 1171 gravioris
286 1100 423 1153 momenti.

181 1180 295 1235 Celebre
312 1179 345 1233 sd
369 1180 491 1252 Mycalen
511 1180 632 1250 praelium
655 1199 710 1235 non
728 1181 895 1235 commissum
914 1195 953 1233 est
975 1195 1034 1252 post
1052 1182 1119 1236 illud
1134 1185 1205 1257 apud

141 1258 244 1313 danaen
258 1258 414 1329 Strymona,
433 1271 530 1330 etpost
545 1259 717 1332 Amphipolin
730 1261 864 1315 coloniam
875 1261 1052 1315 constitutam
1065 1264 1098 1315 In
1113 1265 1204 1334 praelio

139 1336 175 1392 ad
192 1338 318 1409 Mycalen
339 1357 394 1391 non
412 1339 463 1393 init
480 1337 534 1391 dux
555 1339 661 1393 Cimon.

180 1416 314 1473 Consedit
327 1431 421 1471 auctor
433 1430 523 1471 noster
532 1418 654 1489 praelium
669 1418 702 1473 sd
715 1419 839 1491 Mycalen,
855 1418 928 1491 qnod
941 1430 980 1472 est
991 1423 1205 1491 promontorium

141 1497 227 1555 Ionio
245 1495 401 1551 exadversus
419 1497 527 1549 Samum
547 1498 697 1569 percelebre
721 1494 817 1570 (quod
832 1518 935 1555 sacrum
950 1511 1006 1553 erat
1024 1499 1059 1551 oh
1078 1502 1205 1572 templum

140 1577 303 1633 Panionium
315 1595 330 1629 a
343 1574 484 1631 duodecim
495 1578 577 1629 Innin
589 1577 738 1631 civitatibus
751 1578 790 1631 ihi
799 1592 974 1645 exstructum,
985 1591 1049 1633 teste
1058 1579 1204 1646 Herodoto,

139 1659 161 1713 l.
173 1674 203 1722 t,
214 1676 242 1728 p.
252 1653 320 1729 69),
339 1675 400 1709 cum
414 1656 461 1709 illo
476 1656 584 1726 praelio,
603 1655 675 1709 haud
691 1657 779 1711 minus
793 1657 904 1729 insigni,
920 1657 993 1728 quod
1012 1677 1108 1713 novem
1128 1661 1208 1715 annis

139 1748 204 1807 post
212 1736 382 1791 commissum
394 1747 449 1800 cst,
463 1733 574 1789 Cimone
580 1733 661 1800 duoe,
675 1735 709 1789 ad
716 1737 897 1809 Eurymedonta
911 1737 1072 1808 Pamphylia
1078 1738 1205 1806 fluvium

139 1834 174 1877 es
184 1816 295 1871 lernae
310 1833 387 1869 causo
398 1816 427 1869 in
439 1833 557 1867 errorem
570 1813 676 1880 ductus,
692 1815 764 1887 quod
780 1815 808 1877 in
824 1829 937 1888 utroque
951 1817 1042 1888 praelio
1057 1829 1083 1870 et
1098 1819 1165 1873 mari
1177 1833 1204 1874 et

139 1909 213 1951 terre
231 1907 378 1966 pugnaturn
399 1906 446 1949 est.
461 1893 588 1946 Victoria
607 1894 760 1948 Grmeorum
779 1893 812 1947 ad
830 1896 953 1967 Mycalen
975 1897 1087 1967 amplam
1105 1896 1204 1953 deseri·

138 1975 261 2047 ptiouem
273 1972 349 2027 dedit
358 1971 509 2028 Herodotus
523 1974 572 2025 sub
583 1973 663 2026 finem
676 1974 763 2045 operis
776 1975 824 2027 sui.
836 1977 894 2027 Dux
905 1976 1204 2033 Graeciaecommunisin

138 2073 173 2107 eo
182 2053 276 2125 prelio
283 2066 340 2106 erat
348 2050 517 2106 Lentichides
525 2050 754 2117 Lacedaemonius,
768 2051 823 2107 dus
831 2055 1032 2109 Atheniensium
1039 2055 1201 2128 Xantippns,

137 2133 249 2189 Periclis
266 2146 349 2205 pater.
370 2133 547 2193 Commissum
567 2150 621 2184 esse
641 2130 734 2185 εοάεω
755 2130 817 2197 die,
837 2152 889 2204 quo
907 2133 1048 2187 Pausanias
1064 2133 1202 2191 victoriam

139 2213 312 2267 Passennus
325 2211 486 2284 reportarit,
500 2224 618 2264 asserunt
631 2210 766 2278 historici,
782 2231 847 2283 quos
862 2212 939 2277 novi,
956 2231 1057 2265 omnes.

180 2294 230 2345 IX.
248 2291 353 2351 Cononis
366 2303 392 2342 et
403 2291 516 2359 Agesilai
528 2290 604 2357 vitm,
614 2304 770 2362 comparatas
777 2292 805 2345 in
814 2293 901 2356 rebus,
911 2311 969 2363 qun
976 2290 1009 2344 ad
1022 2293 1201 2363 Tissaphernem

138 2372 292 2445 pertinent,
314 2383 434 2442 satrapen
452 2369 553 2440 Lydiae.
577 2371 755 2437 Eminuerunt
766 2369 860 2427 eodem
874 2383 1006 2442 tempore,
1025 2372 1125 2444 aliquot
1141 2386 1203 2444 post

138 2452 241 2509 laelium
257 2450 478 2522 Peloponnesium
496 2450 589 2509 annis,
605 2451 704 2506 virtute
718 2452 810 2505 bellica
826 2452 895 2516 inter
909 2450 1122 2509 Lacedaemonios
1136 2454 1205 2522 Age·

136 2534 230 2595 siiass,
246 2531 316 2585 inter
328 2530 500 2589 Athenienses
516 2528 614 2591 cauea,
632 2530 679 2601 qui
693 2530 801 2602 quidem
818 2533 874 2600 jam
889 2531 939 2582 sub
954 2530 1035 2585 finem
1048 2531 1124 2591 istius
1141 2532 1204 2586 belli

138 2622 242 2685 pientes·
253 2611 340 2664 iuerat
348 2608 564 2673 Atheniensium,
579 2621 605 2660 et
619 2622 711 2679 postea
725 2612 795 2662 inter
808 2610 899 2661 Persas
913 2609 1074 2663 versabatur.
1088 2609 1205 2665 Historia

137 2710 198 2763 nois
211 2690 300 2747 nium
313 2708 419 2759 regum,
435 2685 481 2740 sed
499 2687 578 2738 etiam
591 2701 754 2758 satraparum
774 2687 940 2754 Persicorum
957 2688 985 2739 in
999 2688 1073 2752 Asia,
1090 2687 1204 2743 multum

137 2766 1206 2839 ilhdratresejustemporisGrecas.CeleberrimusintereosestTisaaphernes,

137 2844 1205 2921 incnjusintimamamicitiamAlcibiadespsrvenerat.IsdiciturCorueliosummo

139 2928 234 2985 studio
244 2929 344 2983 bellum
353 2927 461 2998 gessisse
471 2925 594 2981 adversus
605 2926 769 2996 Agesilaum,
781 2928 857 2997 Ager.
864 2927 908 2993 115
920 2925 949 2977 in
956 2926 1009 2978 vita
1016 2943 1079 2979 vero
1086 2924 1205 2979 Cononis

136 3006 281 3063 dsiisdem
292 3008 373 3065 rebus
385 3007 495 3078 loquens
506 3018 598 3059 auctor
608 3003 688 3073 dicit,
703 3006 842 3071 Cop.li,a
859 3022 866 3057 :
892 3031 903 3051 ι
914 3005 1005 3069 Quum
1011 3003 1205 3061 lacedemonii

142 3087 318 3163 sigesilsum
330 3087 457 3141 bellatum
469 3085 601 3145 misissent
615 3084 645 3139 in
657 3085 760 3150 Asiam,
780 3088 881 3136 marine
893 3084 988 3153 inpulsi
1000 3102 1016 3135 a
1035 3084 1203 3153 Tissapherne,

141 3168 215 3240 «qui
234 3186 267 3223 es
280 3166 381 3225 intimis
392 3166 462 3236 regis
474 3166 508 3219 ab
523 3164 637 3224 amicitia
651 3166 708 3234 ejus
723 3163 870 3233 defecerat,
883 3175 910 3216 et
923 3180 985 3241 cum
999 3161 1205 3227 Lacedaemoniis

143 3248 268 3303 «mierat
282 3247 448 3311 societatem3
463 3245 536 3298 bunc
551 3243 675 3301 adversus
691 3244 875 3305 Pharnabazus
890 3241 995 3305 habitus
1005 3242 1204 3313 estimperator,

140 3355 154 3375 ·
164 3347 197 3380 re
212 3326 321 3399 quidem
339 3345 402 3378 vera
420 3324 546 3378 exercitui
557 3323 664 3395 prefuit
679 3323 784 3385 Conon.
794 3349 805 3371 ι
821 3323 855 3375 Et
863 3341 921 3397 cap.
936 3322 998 3375 111:
1023 3347 1034 3367 ι
1043 3322 1206 3385 Deieceratp

141 3433 155 3456 ι
163 3405 422 3478 ngeTisnphemes
429 3421 529 3474 ‚oeque
536 3402 565 3464 id
574 3403 783 3467 tamaruxuxi,
790 3421 869 3473 quam
880 3401 987 3469 ceteris,
994 3413 1184 3472 eratnpertum.
1191 3430 1202 3450 .

179 3486 247 3538 Herc
260 3486 312 3541 sibi
331 3483 530 3546 contradicunt,
553 3481 646 3537 autad
662 3483 803 3545 minimum
823 3479 1003 3546 contradicere
1019 3479 1152 3537 videntur.
1173 3485 1205 3535 In

135 3568 196 3620 vias
210 3565 322 3636 agesila
344 3563 467 3618 laudibus
487 3563 591 3621 extollit
607 3563 680 3625 bunc
694 3563 895 3634 imperatorem,
915 3559 989 3632 quod
1007 3561 1100 3614 vicerit
1118 3563 1205 3617 Tissa·

135 3647 280 3718 phernem.
301 3645 346 3701 sit
360 3645 389 3699 in
405 3644 458 3699 vita
476 3643 608 3707 Cononis,
625 3642 773 3713 agninum
786 3643 815 3697 in
833 3643 922 3695 Asiam
934 3643 1038 3705 venisse,
1061 3640 1207 3714 impulsum

132 3746 153 3780 a
167 3725 356 3797 Tissapherne.
371 3726 437 3789 Qus
450 3722 533 3793 igitur
545 3722 602 3777 laus
612 3721 737 3793 egerim,
752 3735 779 3776 et
790 3720 856 3794 quid
867 3721 978 3788 mirum,
990 3722 1012 3785 si
1018 3721 1208 3793 Tissaphernes

131 3825 166 3861 se
181 3804 256 3858 visci
277 3823 369 3876 passus
389 3804 446 3857 est?
466 3803 606 3874 Esponere
618 3803 735 3863 conabor
749 3822 805 3865 rem
818 3820 938 3868 omnemi
957 3815 1014 3867 tum
1029 3799 1137 3872 quidem
1152 3796 1206 3851 dis·

133 3886 260 3940 solvetur
275 3882 473 3955 quodammodo
488 3880 662 3941 mntrsdictio
681 3901 822 3955 apparens,
836 3880 883 3943 sed
897 3883 1011 3953 scriptor
1024 3900 1080 3935 non
1095 3877 1206 3935 omnino

132 3962 255 4039 quadam
274 3964 438 4035 negligentiae
451 3964 527 4035 culpa
540 3962 705 4016 liberabitur.

951 4052 1023 4134 ’ΜΛ
