2706 4770
216 367 222 374 ’
327 347 398 415 ΑΙ)
425 346 754 415 CORNELIUM
781 347 1050 418 NEPOTEM.
1141 347 1215 423 363

151 476 231 532 enim
254 493 363 547 possum
389 476 508 529 assentiri
529 477 586 530 Jsc·
611 474 794 542 Gothosredo,
818 477 855 530 ibi
876 479 978 549 periculi
995 497 1087 533 vocem
1108 481 1218 554 proprio

150 554 308 627 significum
320 556 410 608 efferri
420 556 544 609 censenti.
561 557 708 624 Emptum
721 569 783 610 sunt
796 557 903 621 wiltu,
917 558 1032 624 librati,
1049 560 1219 633 ταχυγράφοι,

154 637 207 708 qui
217 647 275 689 uoto
291 654 339 688 seu
356 647 427 706 gesta
438 636 537 707 publici
549 636 632 689 officii
649 636 828 708 excipiebant,
847 639 1002 704 servabunt,
1016 639 1174 706 recitabunt,
1189 652 1216 694 et

153 714 193 769 (le
203 716 265 787 jure
276 716 427 786 petentihtu
439 714 561 769 edebant.
576 716 677 768 Eorum
689 733 756 786 supe
768 716 867 777 mentio
878 716 945 769 litin
957 718 1009 771 illis
1019 719 1215 784 collationibust

154 795 277 867 itemque
289 795 318 848 in
333 795 435 848 Notitit
445 795 562 867 imperii,
574 808 601 847 et
610 795 673 847 tlibi
685 814 692 849 :
706 807 738 847 ut
747 793 824 848 doust
836 795 1016 850 Gotholredus
1029 798 1056 850 in
1067 798 1215 853 Comment.

155 873 194 928 od
208 875 229 927 l.
242 892 267 927 ιι
283 875 315 928 C.
325 874 377 927 Th.
389 872 424 926 de
435 874 609 940 numerariis,
620 887 671 928 etc.
679 918 681 922 .
689 877 773 927 Vetus
784 874 922 945 inscriptio
934 877 1010 930 Rom.
1024 875 1096 947 apud
1108 880 1215 933 Gruter.

155 971 203 1020 n,
216 973 245 1025 p.
259 959 329 1016 1164
342 970 349 1006 :
364 954 431 1006 Hinc
436 967 510 1025 pater
519 966 638 1024 esaeptor,
653 954 736 1016 ustor,
750 955 821 1005 levita
830 955 951 1015 sacerdot,
962 969 1012 1009 eto.
1026 957 1106 1009 Gesta
1119 976 1216 1029 pus-gs,

155 1032 242 1086 tionis
253 1032 387 1086 cssefflnni
401 1045 428 1086 ot
442 1033 536 1086 Felicis
551 1051 611 1086 oum
623 1033 723 1105 Optsto
741 1031 829 1098 editu,
847 1051 874 1104 p.
889 1038 945 1104 767
959 1033 1023 1088 edit.
1039 1036 1195 1109 Alhsspintei
1207 1055 1215 1092 ε

154 1111 238 1168 Novit
253 1131 292 1163 aas
309 1110 414 1183 officium
435 1113 568 1182 publium,
588 1113 617 1164 id
630 1124 680 1175 e‘st,
696 1112 813 1165 AEdesius
831 1125 857 1164 et
873 1112 960 1165 Iunius
977 1115 1130 1175 Eaeeptores.
1151 1118 1218 1182 Quo

155 1201 317 1265 reputamur
334 1211 363 1263 p.
381 1192 509 1262 proximo.
531 1193 561 1244 L.
582 1192 696 1255 Aunlsiu
712 1192 854 1247 Montanus
870 1193 938 1261 Aug.
954 1195 984 1244 L.
999 1195 1121 1264 Exceptor
1137 1207 1176 1249 est
1187 1195 1217 1248 in

155 1271 245 1325 lusus.
256 1288 297 1333 tv,
308 1289 335 1343 p.
347 1272 401 1340 37²
409 1283 452 1335 tet
462 1271 491 1323 in
502 1270 559 1324 aliis
569 1272 692 1342 Emptor
700 1283 728 1324 et
735 1272 880 1341 Emptores
885 1273 1004 1341 prass'dis.
1014 1271 1057 1325 Fit
1065 1286 1091 1326 et
1101 1274 1129 1326 in
1142 1274 1217 1327 libris

153 1349 227 1422 juris
237 1348 375 1421 sliquoties
384 1350 489 1403 mentio.
500 1351 660 1421 Euoeptarurn
666 1387 675 1414 ,
691 1363 881 1422 ponunturque
896 1351 924 1403 iu
939 1352 1095 1405 scriniorum
1111 1353 1214 1407 officiis.

154 1430 245 1496 lna,
270 1441 367 1501 proter
380 1428 578 1483 Gotholredum
596 1431 615 1482 l.
632 1434 656 1484 o'.
674 1428 705 1486 et'
715 1431 743 1483 in
760 1430 890 1484 Parstitlis
908 1432 965 1502 ejus
988 1431 1074 1495 tituli,
1096 1430 1216 1486 indicant

156 1508 277 1562 Brissou.
296 1508 459 1573 lem'luris',
471 1515 504 1562 'et
521 1507 684 1563 Gutum-do
697 1509 768 1563 offic.
781 1509 876 1562 dumus
889 1510 954 1580 Aug.
968 1526 1006 1574 ιι,
1027 1517 1058 1574 ¹4
1077 1524 1103 1563 et
1116 1529 1170 1577 su,
1186 1530 1213 1582 7.

154 1587 260 1642 Grauis
275 1599 337 1641 suut
356 1589 531 1659 lusnlnropss.
549 1587 640 1642 Suidss
656 1607 664 1642 z
679 1591 835 1660 lsanlnsop,
854 1591 1031 1659 lsonlntopos.
1056 1590 1125 1642 Msle
1137 1590 1218 1644 inter·

154 1685 242 1736 μαι
257 1667 447 1737 Eaespsasdasor,
463 1669 631 1739 Explorator,
644 1667 840 1738 “Cmtmsplaton
853 1669 960 1740 Neque
982 1669 1098 1745 liquebat
1120 1668 1216 1724 editori

154 1746 319 1812 novissimo,
335 1747 404 1799 AEm.
422 1747 512 1800 Porto.
532 1747 659 1800 Fortsssis
676 1765 725 1800 nec
740 1745 846 1801 doctiss.
861 1748 994 1802 Meursius
1011 1749 1154 1813 intellexit,
1170 1750 1216 1802 rix

154 1825 223 1879 elios
235 1825 379 1879 amissurus
398 1825 427 1877 iu
443 1826 539 1880 laexioo
558 1827 776 1898 grano-bubum.
799 1829 832 1880 In
845 1826 1004 1901 Exceptum
1019 1828 1100 1900 igitur
1116 1829 1216 1901 optime

156 1904 299 1976 congruit,
314 1916 345 1956 ut
356 1905 467 1974 periculi,
487 1905 504 1958 i.
519 1925 542 1959 e.
556 1905 711 1977 protonolli,
727 1918 758 1959 ut
769 1905 849 1960 hodie
861 1907 1013 1979 loquimur,
1026 1919 1052 1960 et
1061 1909 1215 1977 professionis

154 2003 209 2036 sssae
224 2002 350 2045 sssnores,
365 1995 433 2052 gesta
444 1984 536 2047 edant,-
550 2003 605 2039 non
625 1986 702 2053 item,
719 1997 752 2039 ut
763 1986 873 2056 periculi
889 1987 940 2040 sibi
955 1987 1117 2039 imminentis
1127 2005 1216 2040 monr-

154 2062 251 2117 dsutes
269 2061 299 2114 id
317 2062 421 2116 fument.
450 2063 592 2128 Quodnam
610 2065 682 2118 enim
699 2065 847 2136 periculum
864 2064 942 2129 illud,
961 2077 988 2118 et
1006 2064 1141 2137 quomodo
1154 2083 1216 2118 oum

151 2145 303 2214 pnssssions
308 2143 486 2213 Excepturum
499 2143 685 2216 conjungitur?
696 2142 777 2215 Apud
784 2144 962 2215 Capitolinum
970 2162 1076 2216 quoque
1086 2145 1114 2197 in
1123 2145 1215 2199 ldssuo

153 2221 309 2287 Antonino,
322 2239 380 2293 unp.
392 2240 435 2286 11,
444 2224 574 2292 perieulum
583 2224 763 2293 proessetarun,
776 2218 911 2295 qua(sive,
922 2236 952 2277 ut
960 2223 1128 2279 Cassubouus
1136 2224 1213 2295 legit,

153 2313 188 2355 it
197 2298 260 2374 quo)
276 2301 298 2353 is
308 2320 399 2372 smper
404 2304 463 2370 jura
476 2302 578 2354 dictasse
592 2301 705 2369 dicitur,
722 2303 744 2356 si
762 2303 918 2357 Csnnbono
931 2317 959 2357 et
976 2301 1143 2358 Gothofredo
1155 2322 1215 2358 cre·

154 2378 263 2446 dimus,
274 2377 345 2433 idem
357 2392 397 2433 est
407 2399 437 2432 so
445 2380 548 2436 libellus
557 2383 610 2436 sire
620 2383 732 2435 formula
743 2400 758 2434 s
769 2383 1069 2456 pruleotispraesoriptu,
1081 2385 1129 2436 etsi
1141 2382 1214 2436 slind
1233 2385 1236 2391 '

152 2459 285 2513 &lmssio
298 2459 394 2512 risum.
408 2458 479 2513 Vide
488 2461 647 2516 Gotholred.
663 2462 682 2515 l.
696 2480 721 2515 o.
737 2480 763 2532 p.
777 2462 844 2530 393.
864 2464 902 2517 Ao
916 2481 951 2517 ne
965 2464 1024 2534 quis
1036 2463 1152 2533 sequiori
1164 2461 1212 2516 de·

152 2557 233 2592 nuru
252 2557 309 2591 ovo
335 2539 407 2592 hunc
427 2540 500 2593 vocis
518 2559 595 2593 usum
619 2539 799 2594 introductum
822 2541 968 2604 existimet,
994 2542 1089 2594 Cinero
1105 2559 1213 2611 quoque

154 2618 254 2670 ululas
264 2618 374 2688 publicas
386 2631 412 2670 et
421 2620 529 2688 pericula
548 2623 729 2688 magistratuum
749 2621 887 2688 conjunxit
901 2619 928 2670 in
945 2632 1010 2671 urst.
1023 2619 1212 2683 frumentaria,

152 2697 213 2752 sive
223 2696 272 2749 lib.
280 2714 331 2761 ιιι,
340 2698 369 2750 in
380 2698 509 2762 Verresn,
522 2717 589 2767 u.79
608 2715 615 2749 :
632 2698 704 2751 Orda
716 2709 752 2748 est
764 2698 887 2758 honestus,
901 2697 1000 2768 inquit,
1013 2701 1065 2768 quis
1080 2708 1154 2766 negat
1167 2692 1212 2758 (de

152 2775 252 2831 scribis
264 2772 463 2847 loquitur)?est
476 2796 535 2829 uero
548 2777 672 2837 honestus,
688 2773 754 2849 quad
766 2793 844 2827 eorum
861 2777 977 2828 hominurn
986 2774 1050 2845 fidei
1061 2775 1150 2828 taluloe
1162 2795 1210 2847 pu-

152 2855 241 2918 Hs'eae,
259 2856 411 2926 periaslaqsu
436 2859 617 2925 mgistratum
637 2860 818 2908 committuntur.
846 2854 927 2920 Scio,
953 2855 1029 2908 sliter
1055 2856 1112 2909 huo
1131 2857 1212 2908 verbs

151 2935 327 3006 interpretari
343 2953 397 2987 non
408 2936 493 2987 solum
504 2936 703 2988 Hotomsnnum
713 2935 732 2987 l.
747 2953 770 2988 c.
787 2933 832 2987 sed
843 2935 923 2988 etism
931 2930 1135 2987 Gothofrednm.
1146 2935 1213 2988 Vult
1328 2940 1334 2948 “

151 3015 230 3068 euim
243 3013 343 3068 tsbulss
355 3015 474 3085 publicas
486 3014 574 3068 vocari
584 3015 691 3084 μήσαο
708 3018 906 3085 magistratuum,
927 3012 1000 3084 quod
1014 3013 1213 3084 megistrstuum

151 3092 391 3147 administrutionis
409 3095 503 3146 tubul-
524 3112 539 3146 s
559 3092 651 3147 scribis
675 3091 815 3165 diligenter
832 3093 1041 3156 coufioereutor,
1062 3110 1094 3145 ex
1117 3093 1212 3163 quibus

150 3185 248 3244 postes
262 3173 331 3226 ratio
345 3171 578 3226 administrationis
593 3171 700 3226 Senatui
714 3171 791 3225 reddi
806 3184 906 3243 posset,
916 3184 944 3226 et
957 3172 994 3224 sie
1002 3210 1010 3236 ,
1019 3171 1041 3224 si
1053 3169 1212 3242 repetundu-

152 3271 218 3306 m
227 3265 415 3322 mgnmmmr,
424 3254 616 3306 soeunurihn
626 3252 776 3318 satisfieret3
787 3251 997 3323 ideosptissime‚
1004 3252 1100 3323 quibus
1107 3250 1213 3304 illerum

152 3331 308 3385 ubuum
324 3331 442 3386 custodis
457 3333 643 3399 committitur,
657 3333 790 3404 periculum
807 3336 987 3401 magistratum
1000 3330 1130 3384 oomusitti
1143 3328 1211 3396 dici,

150 3408 252 3463 eodem
264 3429 357 3479 seusu,
373 3430 427 3482 quo
444 3414 500 3483 ipse
511 3413 606 3466 Cicero
620 3431 688 3465 suurn
702 3411 775 3464 scelus
788 3424 813 3464 et
823 3412 953 3481 periculum
967 3414 1108 3463 conmittere
1124 3408 1211 3473 dixit,

150 3507 206 3562 pro
219 3489 362 3556 Cluentio,
375 3492 465 3562 paucis
476 3510 490 3543 n
500 3490 554 3543 line
563 3492 678 3563 pagellis.
690 3490 742 3545 sed
752 3492 811 3562 quis
821 3510 875 3543 non
888 3488 958 3543 videt
969 3490 1024 3542 lino
1031 3502 1119 3542 ooscts
1131 3489 1210 3542 nimis

149 3586 227 3634 esse,
242 3581 268 3622 et
277 3571 385 3639 pericula
398 3575 578 3640 rna5istratuuns
593 3571 663 3634 illic,
676 3583 800 3642 tunquam
814 3581 984 3623 monuments
997 3569 1118 3640 publicu,
1129 3570 1211 3624 scribis

148 3651 272 3700 summitti
284 3647 360 3701 dici?
379 3648 534 3702 sirmondus
550 3649 658 3719 quidem
674 3650 753 3703 etism
767 3648 839 3721 apud
855 3649 1009 3703 Ciceronem
1019 3661 1046 3702 et
1059 3648 1086 3701 iu
1097 3662 1211 3720 utroque

148 3727 271 3792 Codice,
286 3729 352 3781 sein
364 3729 434 3781 uotis
440 3729 579 3800 linguonis
590 3729 694 3782 volebat
702 3729 808 3799 pariauls'
821 3747 913 3782 vocem
928 3727 1036 3800 reponi,
1052 3727 1210 3799 suffragante

146 3807 268 3874 Grotio;
288 3805 335 3861 sed
356 3826 510 3879 perperam,
531 3821 560 3861 ut
575 3807 714 3861 Salmasius
733 3805 856 3862 ostendit,
883 3810 966 3881 Cujus
982 3808 1096 3862 rationes
1115 3809 1211 3859 frustra

144 3887 302 3941 ouuvellere
321 3899 432 3941 conatur
448 3885 588 3941 Hersldus.
614 3887 672 3952 Ait,
692 3907 746 3960 quas
768 3888 884 3958 ejusmodi
901 3892 1052 3941 monumentis
1069 3882 1211 3948 (columnis

144 3980 214 4038 puts
228 3980 274 4021 aut
286 3962 363 4038 pilis)
376 3969 564 4021 inscribebantur
579 3966 838 4038 anctoritatepublica,
855 3970 997 4039 αὐτόγραφα
1012 3986 1059 4018 nan
1067 3967 1157 4032 fuisse,
1170 3963 1214 4015 sed
