2706 4770
161 345 236 433 344
256 350 284 415 J.
314 349 355 414 u.
383 345 663 414 sensnum
690 325 1137 415 ossurvsrlouns.

198 477 261 529 Fuit
286 476 451 545 Tissaphernes
473 491 568 544 magna
584 472 639 525 lide
658 472 687 524 in
706 472 818 525 Darium
836 472 958 526 Nothum
977 475 1051 526 etin
1073 480 1128 546 eJus
1140 475 1211 526 filiun

160 558 328 609 Artaxerxem
337 555 490 618 Mnemona,
501 553 550 605 sub
558 571 651 605 eorum
658 552 773 622 imperio
784 571 832 622 per
844 554 995 623 complures
1008 571 1095 607 annos
1104 545 1210 626 mag'nan

158 634 226 688 Asia
234 647 334 707 partem
344 632 547 688 administravit,
560 643 586 683 et
598 629 716 702 prudens
727 632 875 702 perspexit,
891 651 947 684 non
963 651 1019 686 esse
1034 636 1102 704 regis
1115 635 1209 695 Persia,

157 733 190 767 eo
207 733 291 785 usque
307 712 430 784 adjuvare
445 709 672 774 Lacedaemonios,
687 722 718 763 ut
733 712 883 764 universam
899 712 1033 765 Greciam
1049 714 1078 765 in
1091 732 1134 766 sua
1144 727 1208 784 pote·

158 806 223 846 state
238 805 365 846 tenerent.
387 790 440 844 Sed
456 809 549 843 exosus
565 802 622 842 erat
638 790 826 860 Tissaphernes
845 792 918 861 Cyro
937 793 1055 863 juniori,
1075 796 1174 864 ejusque
1186 806 1207 844 et

158 872 307 926 Artaxerxis
327 873 422 936 matri,
436 871 566 922 scelerate
578 869 622 922 isti
638 870 770 940 Parysati;
781 871 904 922 emulum
915 872 996 924 etiam
1011 872 1124 926 habebat
1138 872 1206 924 Phar·

158 952 304 1017 nabazum,
318 951 482 1021 Hellesponti
495 962 623 1019 satrapen.
639 949 805 1021 Tempestive
825 963 966 1002 monuerat
983 954 1204 1013 Artaxerxemms·

158 1049 220 1083 vere
243 1032 293 1083 sibi
308 1049 322 1082 a
335 1031 400 1100 Cyri
419 1029 507 1081 fratris
529 1028 662 1092 consiliis,
682 1041 709 1081 et
727 1047 807 1098 opera
824 1032 880 1100 ejus
899 1029 927 1080 in
948 1031 1045 1101 prelio
1065 1029 1100 1083 ad
1114 1032 1202 1084 Cunaxa

158 1128 252 1180 magna
268 1110 318 1161 fuit
332 1107 366 1162 ad
377 1109 525 1160 Artaxerxis
540 1107 658 1160 salutem.
678 1109 758 1160 Recte
773 1109 862 1178 itaque
875 1106 941 1160 dicit
958 1109 1101 1162 Cornelius
1116 1128 1123 1161 :
1144 1136 1154 1156 ·
1163 1111 1202 1160 lle·

162 1215 173 1236 ι
183 1189 323 1242 miniscens
331 1189 498 1250 Artaxerxes,
510 1188 535 1238 T
536 1186 693 1256 issaphernis
701 1205 729 1238 se
738 1205 818 1257 opera
826 1188 927 1258 Cyrum
937 1188 1050 1241 fratrem
1057 1207 1198 1260 superasse.-

157 1269 248 1333 Quum
264 1266 340 1320 brevi
355 1279 473 1338 tempore
488 1277 548 1337 post
561 1266 683 1336 praelium
701 1264 736 1318 ad
749 1266 856 1320 Cunaxa
874 1266 1089 1335 Lacedaemonii,
1108 1269 1199 1340 Agesilai

157 1347 282 1411 consilio,
304 1346 403 1400 bellum
422 1346 550 1398 inferrent
569 1345 669 1410 Persis,
681 1363 735 1397 non
750 1358 853 1416 poterat
863 1364 917 1399 non
937 1348 1060 1400 infensus
1072 1367 1125 1401 esse
1136 1349 1199 1399 lase-

157 1425 310 1491 dremoniis,
327 1426 373 1496 qui
385 1439 438 1478 tam
448 1422 531 1477 lidum
547 1443 575 1477 se
588 1424 742 1495 praestiterat
752 1425 817 1495 regi.
832 1426 937 1477 Restitit
954 1426 1046 1497 itaque
1059 1426 1198 1480 subinitium

157 1507 234 1570 belli,
243 1517 370 1577 qnantum
383 1504 484 1576 potuit,
495 1503 614 1574 Agesilao
629 1502 657 1556 in
667 1503 728 1555 Asia
739 1504 874 1574 grassanti.
885 1503 937 1557 Sed
951 1525 1038 1576 quum
1051 1526 1105 1558 non
1117 1525 1142 1558 ex
1150 1523 1196 1557 sen·

155 1586 238 1638 tentia
250 1597 404 1656 gererentur
418 1603 459 1636 res
474 1583 625 1647 Persarum,
645 1584 783 1655 Pnrysats‘s,
800 1601 859 1654 quas
872 1584 1096 1655 Tissaphernem,
1111 1599 1136 1637 ut
1145 1584 1194 1636 reli·
1236 1580 1241 1606 ¹

157 1683 224 1736 quos
243 1682 347 1729 omnes,
371 1664 418 1734 qui
438 1665 606 1716 Artaxerxem
630 1660 752 1716 adversus
777 1664 879 1733 Cyrum
907 1661 1085 1734 adjuverant,
1110 1662 1196 1718 infinitis

156 1744 362 1816 persequebatur
370 1741 439 1794 odiis
449 1753 476 1793 et
490 1741 644 1805 calumniis,
658 1740 820 1812 proditionis
833 1760 894 1794 eum
910 1746 1053 1796 accusavit.
1074 1745 1127 1796 Hae
1141 1760 1197 1795 aaut·

155 1824 256 1876 satione
269 1821 302 1874 ad
321 1821 531 1892 desperationem
551 1819 679 1874 adductus
696 1821 896 1892 Tissaphernes,
914 1822 1037 1875 irritatus
1053 1824 1197 1895 Parysatiset

157 1901 319 1955 Pharnabazi
333 1901 470 1953 calumniis
482 1912 509 1953 et
522 1900 616 1967 minis,
637 1900 720 1952 sactus
734 1899 839 1953 tandem
855 1913 893 1952 est
908 1901 1049 1971 proditor,
1071 1903 1197 1972 Agesilm

157 1983 245 2036 Asiam
260 1980 438 2034 devastantem
453 1998 506 2032 non
525 1979 679 2050 impedivit,
691 1980 799 2032 fortasse
809 1981 888 2032 etiam
906 1981 1018 2033 consilia
1029 2001 1092 2034 eum
1106 2000 1136 2034 eo
1146 1982 1198 2035 daa-

155 2060 258 2116 destina
273 2061 341 2114 iniit.
362 2058 430 2112 Inde
445 2078 492 2130 per
507 2060 644 2112 Cononem
662 2057 731 2130 apud
743 2076 830 2130 regem
845 2073 995 2124 accusatus,
1012 2065 1088 2132 jussu
1101 2060 1198 2133 ejusden

154 2160 204 2212 per
212 2141 392 2194 Tithrausten
399 2153 505 2192 necatus
516 2152 563 2191 est.
575 2140 612 2191 Ea
624 2140 651 2191 in
664 2138 714 2191 hac
723 2139 888 2204 narratione,
899 2158 960 2210 quse
969 2139 1003 2191 ad
1013 2141 1198 2213 Tissaphernae

155 2232 182 2272 et
196 2220 333 2289 Pam-satin
355 2221 501 2290 pertinent,
517 2219 629 2290 amplius
645 2217 763 2288 exposita
780 2230 870 2271 sunta
887 2220 1037 2289 perillustri
1054 2220 1196 2291 Guldbnet'v.

154 2296 253 2350 ilistor.
264 2299 297 2348 T.
312 2299 352 2361 11,
368 2317 394 2366 p.
415 2315 482 2367 127,
502 2299 573 2362 143,
592 2309 763 2369 veterumque
776 2297 975 2351 auctoritatibus
992 2302 1106 2354 munita.

192 2375 227 2427 X.
249 2376 350 2427 Notata
364 2374 444 2445 digna
458 2388 497 2427 est
510 2376 660 2428 Athenarum
674 2395 723 2447 per
736 2379 766 2431 L.
781 2376 932 2430 Comelium
939 2378 1044 2448 Syllam
1059 2379 1198 2452 expugnatio

153 2455 181 2506 in
199 2454 269 2506 bello
287 2453 479 2508 Mithridation.
502 2454 563 2506 Non
584 2455 669 2524 attigit
689 2474 747 2508 eam
766 2456 917 2520 Cornelius,
939 2476 992 2510 nec
1008 2477 1113 2513 neeesse
1125 2474 1198 2530 puae

152 2545 222 2599 erat,
240 2551 323 2604 quum
335 2535 416 2587 vitam
428 2534 567 2605 Pomponii
574 2533 668 2598 Attici,
678 2553 733 2588 non
745 2554 787 2589 res
796 2538 853 2606 ejus
867 2539 998 2607 temporis
1010 2540 1137 2592 Romanas
1147 2554 1197 2609 per·

151 2625 312 2683 sequeretur.
337 2614 410 2669 Ditit
428 2626 547 2679 tanturn,
566 2614 643 2666 Artis.
665 2614 706 2681 11,
726 2634 740 2668 a
759 2633 767 2667 ε
786 2615 987 2687 «Posteaquam
1006 2616 1076 2672 vidit
1099 2616 1197 2682 uuas,

155 2693 298 2745 «Cinnano
315 2693 431 2746 tumultu
444 2693 577 2746 civitatem
588 2712 643 2746 esse
652 2695 832 2764 perturbatam
839 2733 859 2746 ..
912 2732 920 2749 .
928 2734 951 2748 ..
969 2695 1101 2752 idoneum
1112 2710 1195 2768 aequ

155 2784 247 2824 «ratus
262 2769 356 2824 studiis
368 2771 531 2843 obsequendi
546 2773 614 2838 suis,
631 2772 746 2825 Athenas
764 2793 792 2827 se
812 2774 956 2827 manniti
976 2776 1112 2832 Memorat
1123 2788 1195 2849 pm

151 2866 173 2901 c.
185 2850 236 2913 lv,
256 2869 285 2912 1,
299 2849 413 2921 Syllam,
427 2853 475 2922 qui
488 2852 602 2904 Athenas
617 2852 719 2904 venerit
733 2871 764 2905 ex
778 2853 839 2905 Asia
852 2851 987 2908 recedens.

199 2928 239 2978 Ita
261 2928 385 2999 loquens,
408 2929 520 2983 dubium
541 2931 648 3001 reliquit
670 2931 796 2984 lectorem
818 2930 852 2984 de
871 2934 1019 3003 quastione
1043 2934 1116 2989 baud
1134 2932 1193 3007 parti

149 3007 291 3070 momenti,
307 3026 372 3060 num
386 3011 489 3062 Atticus
504 3011 584 3063 fuerit
598 3010 708 3064 Athenis
716 3013 771 3082 jam
782 3029 815 3064 eo
828 3023 963 3082 tempure,
983 3032 1066 3086 quoa
1080 3015 1148 3087 Sylla
1157 3012 1193 3065 uh

149 3102 223 3138 sessa
241 3099 267 3139 et
281 3085 314 3138 ad
329 3089 439 3141 exitium
458 3087 570 3143 redacta
587 3090 672 3142 sunt?
698 3090 812 3143 Cinnani
830 3091 902 3143 enim
917 3094 1051 3148 tumultus
1064 3095 1137 3147 brevi
1148 3101 1193 3165 pul

149 3164 227 3235 Sylla
243 3184 273 3218 ex
290 3166 365 3218 Italia
380 3165 524 3221 discessum
544 3181 699 3222 exarserant.
719 3170 790 3222 Tum
811 3171 904 3241 utique
922 3172 1028 3242 gratia,
1045 3191 1098 3245 qua
1111 3173 1192 3226 uum

148 3244 251 3298 valebat
260 3242 331 3315 apud
338 3245 449 3315 Syllam,
462 3248 607 3318 plurimum
613 3247 870 3320 prodesseputuisset
879 3249 984 3304 afflictis
991 3252 1191 3312 Athenimnhut

149 3334 176 3374 et
185 3334 256 3375 tauta
265 3342 307 3376 res
322 3324 427 3377 silentio
442 3326 624 3396 pretereunda
637 3346 691 3381 nun
709 3341 774 3381 erat.

187 3403 328 3455 Persuasus
341 3422 493 3470 verorum,
509 3408 565 3476 ejus
587 3408 713 3478 temporis
730 3408 867 3461 historiam
887 3410 1073 3480 perpendens,
1093 3413 1190 3465 sauss·

146 3498 201 3533 non
219 3493 278 3533 ante
293 3480 475 3547 obsidionem,
492 3484 538 3537 sed
553 3497 612 3556 post
626 3485 807 3553 deditiomm,
827 3501 853 3541 et
872 3490 988 3559 quietern
1003 3491 1115 3544 Athenis
1132 3487 1189 3542 resti·

147 3571 245 3622 tutam,
269 3560 297 3611 in
316 3561 385 3613 banc
408 3565 503 3615 urbem
520 3562 693 3635 demigrasse,
714 3586 798 3638 quum
815 3567 886 3639 Sylla
904 3571 960 3638 jam
979 3571 1006 3622 in
1026 3572 1088 3624 Asia
1109 3570 1188 3623 belin

145 3650 247 3710 gereret
270 3636 393 3693 adversus
413 3641 604 3696 Mithridatem.
625 3645 863 3710 Ecalamitatibua‚
887 3666 951 3718 quas
967 3651 1049 3720 paulo
1072 3662 1131 3702 ante
1143 3664 1187 3719 pst·

144 3717 409 3771 tuleratAthenarum
419 3722 494 3782 urbs,
510 3722 663 3792 explicanda
674 3738 736 3779 sunt
746 3726 791 3779 illa
800 3726 918 3781 Cornelii
932 3729 1029 3793 rerba,
1041 3728 1186 3789 Attiolhl:

150 3824 161 3844 a
170 3796 271 3868 Sepius
281 3797 334 3850 suis
343 3799 438 3869 opibus
448 3800 565 3871 inopiam
579 3821 671 3856 eorum
684 3806 818 3877 publicam
828 3806 941 3872 levarit3
949 3833 960 3855 ι
982 3808 1104 3862 similiter
1115 3819 1140 3858 et
1151 3803 1187 3856 ab't

144 3877 284 3943 beneficia,
297 3896 357 3949 quas
370 3879 471 3933 Atticus
481 3881 599 3951 privatus
613 3884 642 3936 in
653 3885 787 3938 civitatem
797 3885 921 3940 afflictam
935 3889 1059 3942 conferre
1071 3887 1159 3958 pouit

531 4101 817 4135 *-
