2768 5198
475 413 480 419 ,
562 351 816 421 euocton.
1144 376 1216 449 207

158 509 226 578 quo
243 482 381 552 Athenae
402 478 537 550 omnino
564 506 633 550 esse
657 508 725 550 non
752 467 922 577 possunt⁸,
943 507 1046 576 quum
1078 483 1221 579 populus
1284 550 1287 555 .

160 604 307 659 annatus
334 589 555 657 concurrisset
572 613 581 671 ;
600 585 654 655 ille
678 613 746 656 non
764 588 865 657 modo
883 590 1046 657 neminem
1066 589 1107 658 ad
1129 614 1220 659 arma

161 698 309 781 vocavit,
324 694 382 763 sed
404 718 445 761 ne
463 695 597 762 armatis
615 692 745 786 quidem
765 718 904 788 praeesse
923 693 1037 763 voluit.

212 804 274 870 lll.
295 803 401 869 Erant
414 823 453 867 eo
473 813 622 893 tempore
640 799 778 867 Athenis
797 799 870 868 duae
887 799 1065 869 factiones:
1081 824 1220 894 quarum

162 932 227 977 una
238 905 354 1001 populi
365 928 499 974 causam
517 904 636 998 agebat
646 902 668 991 ¹,
681 903 783 973 altera
797 906 1008 999 optimatum·;
1023 907 1056 973 in
1073 905 1220 975 haeerat

162 1013 312 1082 Phocion
330 1026 363 1080 et
381 1012 570 1079 Demetrius
589 1008 775 1078 Phalereus.
796 1014 920 1078 Harum
946 1024 1083 1105 utraque
1105 1013 1220 1081 Mace-

162 1118 286 1187 donum
316 1117 506 1211 patrociniis
533 1115 708 1184 nitebatur.
731 1118 817 1184 Nam
842 1114 1017 1210 populares
1046 1115 1221 1211 Polysper-

163 1221 296 1293 chonti²
320 1221 476 1290 favebant
493 1223 693 1314 :optimates
718 1246 793 1289 cum
819 1219 1006 1291 Cassandro
1028 1222 1220 1291 sentiebant.

163 1332 341 1398 lnterima
368 1326 646 1420 Polysperchonte
675 1327 860 1395 Cassander
885 1325 1080 1401 Macedonia
1109 1326 1222 1422 pulsus

165 1450 221 1504 est.
250 1435 328 1522 Quo
351 1432 440 1501 facto
466 1430 608 1526 populus
633 1434 784 1526 superior
811 1417 957 1518 factus³‚
981 1432 1089 1500 statim
1122 1432 1222 1503 duces

165 1539 359 1609 adversarias
380 1537 531 1606 factionis
560 1539 674 1631 capitis
695 1538 868 1606 damnatos
888 1539 994 1632 patria
1021 1537 1168 1632 pepulit,
1189 1539 1223 1606 in

165 1646 214 1715 his
237 1645 438 1714 Phocionem
457 1657 492 1709 et
515 1643 722 1710 Demetrium
743 1641 959 1730 Phalereum3
980 1642 1086 1736 deque
1114 1668 1153 1713 ea
1188 1668 1223 1711 re

167 1750 290 1847 legatos
312 1748 355 1817 ad
376 1746 688 1842 Polysperchontem
711 1750 816 1837 misit,
835 1752 892 1844 qui
915 1749 958 1817 ab
985 1774 1025 1817 eo
1055 1764 1223 1843 peterent,

203 1946 230 1998 8.
252 1943 310 1997 Sine
325 1961 372 2015 quo
387 1942 493 1995 Atlrenoe
511 1946 606 1994 omniuo
624 1961 673 1993 esse
716 1942 819 1995 sublata
829 1960 975 2014 paucorum
987 1942 1222 2013 potentia,abbn-

164 2043 209 2075 non
221 2034 331 2094 ponam.
346 2021 432 2074 Pirseo
446 2020 552 2074 scilicet.
567 2053 607 2062 —
621 2020 673 2074 Ne·
718 2019 815 2092 tipatro
840 2021 975 2085 instituta,
993 2040 1020 2073 se
1047 2018 1223 2075 redditurum.

167 2106 248 2155 amem
272 2103 307 2153 ad
326 2120 394 2152 amu
417 2103 522 2153 vocavit.
539 2098 621 2164 Quod
641 2118 673 2152 ex
717 2100 864 2152 Ratushoc
883 2114 960 2172 pacto
977 2097 1117 2154 Cassandri
1136 2118 1177 2152 res
1197 2119 1224 2154 se

167 2178 273 2235 decreto
292 2181 351 2233 lieri
365 2183 476 2249 jusserat
489 2176 675 2247 Philomedes,
717 2179 923 2243 labefactum,
934 2179 1133 2250 multorumque
1144 2181 1222 2232 bene·

166 2258 340 2332 Lamprensis.
366 2258 522 2310 Plutarchus
549 2277 612 2310 vero
638 2258 675 2311 eit
719 2258 860 2311 volentiam
875 2259 925 2310 sibi
937 2270 1159 2330 comparaturum.
1171 2261 1223 2312 lle-
1266 2272 1269 2284 ¹

167 2338 326 2393 Phocionem
339 2351 402 2390 tune
414 2337 618 2389 tumultuantem
629 2356 676 2408 po·
719 2337 770 2390 lert
785 2336 863 2390 Diod.
879 2339 982 2390 XVIII.
998 2339 1101 2391 Βοοιω.
1114 2370 1155 2380 -
1169 2340 1224 2391 Du·

166 2419 258 2489 pulum
271 2419 368 2470 frustra
375 2429 496 2469 conatum
508 2413 638 2481 educere,
648 2430 676 2470 et
718 2437 754 2468 ces
767 2417 908 2469 adversarie
918 2420 1043 2485 factionis.
1059 2418 1225 2489 Magistratus

167 2496 228 2551 odio
238 2511 265 2551 et
274 2495 438 2575 contemptui
449 2496 572 2548 omnibus
586 2496 673 2548 luisse.
718 2495 746 2547 in
765 2496 906 2568 oligarcbia
922 2510 1042 2550 creatos:
1059 2496 1087 2549 in
1109 2515 1225 2567 quornm

167 2575 239 2630 Mac.
248 2576 319 2629 Male
325 2576 405 2646 igitur
413 2575 501 2646 Nepos
513 2574 674 2627 Phocionem
717 2574 804 2628 locum
817 2576 920 2651 salienti
932 2576 974 2628 alii
987 2594 1002 2628 e
1013 2576 1125 2627 maxime
1136 2594 1222 2646 popu·

167 2654 327 2726 proditionis
342 2672 418 2706 reum
435 2671 511 2724 agere
526 2651 640 2706 videtur.
717 2653 824 2706 laribus.
836 2651 877 2708 Ea
887 2648 980 2707 eodem
994 2651 1104 2706 Diodor.
1118 2685 1159 2695 -
1172 2653 1223 2706 Ca·

205 2737 273 2788 Cae.
289 2735 341 2786 ΙΙΙ.
363 2751 387 2784 1.
401 2733 491 2803 Populi
507 2752 603 2784 musam
616 2752 674 2802 uge-
714 2737 773 2804 pitis
783 2734 910 2785 damnatos
920 2736 1002 2804 patrio
1012 2732 1111 2803 pepulit.
1121 2733 1223 2805 Nempe

167 2813 217 2867 let.
232 2813 285 2867 cni
298 2830 392 2884 parurn
402 2810 524 2864 studebat
536 2824 599 2864 tunc
607 2825 675 2866 tem·
718 2813 810 2882 capitis
821 2811 954 2865 damnatio
965 2831 980 2865 a
986 2811 1178 2882 jurisconsultis
1188 2811 1223 2866 ad

168 2893 240 2963 poris
253 2892 386 2957 Phocion,
398 2910 460 2944 cum
476 2889 606 2956 Demade,
623 2893 675 2944 De·
719 2892 948 2963 supplicium,vel
968 2892 1077 2944 exilium
1098 2890 1221 2946 refertur.

168 2972 313 3025 mosthenis
323 2970 432 3034 osuulm
442 2968 676 3037 Callimedonte,et
718 2971 896 3038 Demetrium,
904 2968 1020 3042 aliosque
1034 2970 1166 3036 absentes,
1179 2989 1222 3024 ea·

170 3050 409 3114 Pericle‚utrelert
416 3049 524 3101 Plutin
532 3049 674 3102 Phocione.
718 3050 780 3120 pitis
799 3048 936 3102 damnatos
960 3050 1039 3102 luisse
1061 3045 1142 3102 tradit
1159 3050 1221 3104 Plu-

169 3130 264 3184 com
278 3161 319 3172 -
334 3130 471 3180 Demetrius
481 3129 619 3187 Phalereus.
636 3130 676 3182 De
719 3128 839 3194 tarchus;
855 3130 986 3191 Phocion,
1001 3146 1057 3180 non
1077 3141 1131 3181 tam
1155 3131 1222 3184 urbe

169 3226 222 3280 quo
238 3210 267 3261 in
282 3207 419 3272 Miltiade,
435 3208 485 3260 vl.
718 3208 822 3278 pulsus,
831 3209 1223 3279 quamnmegistraturemotus,

209 3308 235 3342 a.
249 3288 454 3360 Polysperrliouti.
475 3287 529 3350 Qui
549 3288 581 3339 ab
600 3288 675 3339 anu-
712 3291 774 3358 ipse
786 3286 849 3340 inde
861 3288 1143 3341 oenteaffinnstvero
1156 3290 1222 3343 Dio·

169 3380 245 3439 pateo
258 3364 368 3420 Graeciae
378 3383 408 3418 ac
417 3363 579 3418 Macedonia
591 3366 676 3419 fuerat
718 3365 813 3432 dorus,
837 3366 951 3430 XVIII,
976 3370 1031 3431 66,
1061 3367 1223 3422 Phocionem

169 3446 345 3517 prepositus,
363 3459 389 3498 et
416 3462 476 3497 cum
501 3445 675 3516 Neoptolemo
718 3447 785 3500 urbe
799 3448 905 3519 pulsum
924 3444 957 3498 ad
972 3446 1223 3518 Polysperchontem

170 3522 676 3595 iaproelio,quodadversusEusnenem
718 3527 918 3598 confugisse,et
932 3528 964 3579 ab
979 3545 1025 3591 eo,
1039 3545 1121 3597 quum
1140 3528 1222 3582 Athe·

168 3604 372 3669 oommiserunt,
385 3604 486 3656 occisus
508 3617 555 3656 est.
578 3604 675 3657 lustin.
718 3607 869 3659 nasmiseus
883 3619 961 3672 esset,
974 3606 1068 3658 mortis
1085 3625 1162 3677 poena
1183 3608 1222 3660 as·

171 3684 255 3748 XIII,
269 3683 501 3737 8.-Cmandro.
523 3683 675 3754 Antipatri,
719 3684 816 3737 sectum
831 3686 918 3738 tuisse.
931 3686 1012 3737 -In
1032 3685 1068 3736 lu's
1080 3686 1222 3738 Phocionem

168 3774 232 3816 tanc
247 3763 361 3822 mortui.
374 3762 439 3814 filio.
719 3776 744 3814 et
753 3765 899 3817 Demetrium
913 3765 1062 3818 Plsulereum.
1072 3765 1113 3817 De
1128 3765 1223 3817 Deme·

210 3843 235 3896 ³.
252 3841 361 3911 Populus
376 3847 482 3911 uspcrr'er
487 3843 579 3908 suetsu.
600 3841 677 3911 Poly·
719 3843 772 3895 trio
781 3844 858 3897 silent
868 3844 1001 3897 Diodorus
1013 3857 1039 3897 et
1052 3844 1222 3908 Plutarchusa

169 3921 299 3992 qierebon
311 3921 383 3973 enim
395 3920 484 3991 legatis
492 3920 600 3973 Grecis
611 3920 676 3972 civi·
719 3921 763 3975 hic
796 3922 1015 3977 Csllimedontenr
1040 3935 1066 3975 et
1097 3922 1224 3977 Periclem

168 4012 252 4054 tatum
274 4001 446 4071 promiserat,
464 4000 612 4053 libertatem
629 4000 677 4065 iis,
719 4019 750 4053 ex
781 4003 848 4054 urhe
879 4016 935 4055 tum
960 4001 1107 4072 profugisse
1133 4000 1221 4054 refert.
