2706 4770
94 387 97 393 ·
151 381 225 466 340
321 376 549 447 scaurus
576 373 737 442 nsua.
766 370 1059 439 suanacas

148 521 281 582 coeperant
295 505 438 578 cupiditate
458 505 562 557 Graecas
577 504 677 555 litteras
695 498 857 553 addiscendi.
879 501 975 552 Dicere
996 500 1057 553 baec
1068 501 1202 553 omniane

149 602 215 660 puto
229 585 370 641 excusandi
386 586 473 656 potins
484 583 601 637 Cornelii
615 581 711 652 gratia,
729 598 807 650 quam
817 578 967 632 incusandi.
978 579 1102 633 Hausisse
1112 578 1200 632 videtu

149 687 195 721 sua
210 667 299 718 omnis
320 666 348 717 in
362 665 422 716 vitis
439 660 585 726 Miltiadis,
605 658 809 727 Themistoclis,
827 657 953 711 Aristidis
971 671 998 710 et
1019 659 1198 723 Pausauiae,ia

149 747 245 818 quibus
260 742 398 796 Herodoto
412 743 453 794 uti
471 742 611 813 potuisset,
628 759 643 793 e
657 739 830 811 scriptoribus
840 739 917 790 nobis
929 738 1089 809 incognitis,
1108 736 1162 803 sed,
1175 751 1196 788 at

149 824 245 889 credo,
265 835 340 875 aetate
355 840 428 893 arque
443 838 473 872 ac
487 820 540 873 fide
554 819 702 872 minoribus
719 816 867 870 Herodoto.
885 816 929 881 si,
957 818 1033 887 gravi
1046 818 1097 870 boc
1109 830 1195 870 aneton

148 906 232 968 lecto,
252 905 337 955 sciens
355 902 388 954 ab
409 920 441 953 eo
456 898 634 962 dissensisset,
657 896 729 950 haud
744 898 832 949 minus
850 894 993 949 indicasset
1004 895 1157 960 dissensum,
1172 915 1194 948 ae

144 984 246 1035 facturn
268 980 388 1034 videmus
411 981 439 1032 in
455 980 508 1030 vita
528 977 730 1041 Themistoclis,
750 977 797 1027 nbi
817 973 851 1028 de
872 978 929 1046 ejus
950 976 978 1027 in
1003 976 1096 1029 Persas
1119 976 1193 1028 itinere

43 1070 46 1076 '
148 1062 275 1131 loquens,
290 1061 326 1112 ait
342 1078 368 1111 se
381 1059 470 1128 plures
484 1070 603 1109 auctores
614 1057 719 1127 legisse,
739 1054 786 1108 sed
801 1052 909 1107 credere
919 1055 1091 1126 potissimum
1109 1056 1192 1124 Tbaq·

149 1138 222 1199 didi,
243 1137 315 1211 quod
331 1149 405 1190 aetate
423 1137 557 1208 proximus
573 1148 637 1188 erat.

189 1221 238 1270 111.
260 1216 348 1272 Credo
365 1218 469 1287 itaque,
485 1217 639 1268 Cornelium
653 1215 767 1267 multum
780 1232 879 1267 errasse
893 1214 920 1266 in
945 1215 1000 1266 vita
1012 1213 1136 1267 Miltiadis
1145 1232 1191 1266 aas·

142 1296 300 1360 scribenda,
316 1315 398 1367 quum
414 1308 532 1349 auctores
549 1295 655 1347 Graecos
670 1306 773 1346 secutus
787 1294 823 1346 sit
840 1294 928 1346 miuus
944 1293 1112 1364 perspicuos,
1131 1294 1191 1364 langa

150 1379 218 1430 forte
230 1390 290 1448 post
303 1373 429 1427 Miltiadis
446 1387 547 1426 aetatem
561 1387 680 1445 tempore
693 1372 825 1425 florentes.
838 1373 922 1424 Tanta
936 1373 1013 1425 estin
1026 1371 1191 1426 Miltiadisrita

151 1453 278 1508 tradenda
293 1453 445 1518 diversitas,
465 1454 486 1504 si
499 1453 652 1506 Comelinm
667 1469 820 1523 comparare
833 1451 899 1504 velis
917 1470 980 1504 cum
992 1453 1042 1514 iis,
1061 1452 1189 1523 quellen-

149 1534 240 1595 dotus,
253 1535 272 1586 l.
283 1534 324 1584 IV
339 1545 366 1585 et
378 1533 432 1596 VI,
448 1532 622 1603 exposuit,ut
635 1532 676 1583 vel
687 1531 744 1584 baec
758 1531 811 1583 sola
826 1528 979 1602 disquisitio
994 1532 1108 1603 amplam
1120 1530 1188 1584 diser·

150 1614 243 1666 tationi
256 1613 391 1666 materiam
407 1612 525 1681 prebere
541 1611 632 1682 possit.
654 1608 705 1663 Sed
718 1610 777 1680 quis
790 1610 914 1682 praeferre
932 1608 1070 1663 dubitabit
1092 1609 1187 1664 Caedit

149 1691 329 1755 Herodotum,
343 1691 389 1761 qui
405 1708 506 1743 coaevus
522 1703 578 1742 erat
595 1689 716 1753 Cimoni,
730 1687 857 1741 Miltiadis
875 1688 950 1748 filio,
965 1691 1030 1761 qui,
1044 1688 1188 1744 ltaliam

149 1770 321 1834 natus,nullo
330 1770 464 1822 ferebatur
473 1770 501 1821 in
515 1769 627 1840 aliquam
639 1768 748 1821 Grecise
758 1768 892 1821 civitatem
906 1781 952 1821 aut
963 1770 1090 1822 familiam
1100 1769 1189 1841 partim

148 1848 254 1914 studio,
274 1850 335 1919 qui,
357 1866 416 1920 quar
427 1866 488 1901 vera
499 1859 602 1912 essent,
623 1847 748 1900 sciscitari
762 1860 788 1900 et
801 1859 905 1919 poterat
917 1860 944 1900 et
960 1850 1084 1916 volebat,
1101 1849 1188 1921 quierat

149 1929 312 2000 integerrimi
328 1929 409 1980 animi
427 1928 556 1998 multique
572 1925 682 1998 judicii,
698 1927 745 1997 qui
767 1925 895 1998 denique,
922 1926 1051 1982 audiente
1064 1942 1090 1981 et
1105 1929 1189 2001 applet-

146 2007 230 2065 dente
242 2021 298 2061 tota
312 2006 431 2072 Graecia,
452 2007 569 2077 praelegit
588 2006 724 2058 historiam
735 2024 825 2059 rerum
838 2007 865 2058 iu
884 2010 1015 2060 memoria
1033 2010 1129 2062 recenti
1147 2025 1190 2059 ser·

148 2087 280 2140 santium?

189 2169 239 2220 tv,
260 2168 419 2220 Luculenter
434 2166 525 2220 docuit
539 2166 708 2235 Herodotus,
720 2168 873 2233 Miltiadem,
885 2167 1009 2222 Cimonis
1021 2170 1121 2233 filium,
1132 2169 1188 2236 sajus

149 2247 231 2296 vitam
252 2247 392 2298 Cornelius
409 2248 547 2316 exposuit,
568 2265 622 2299 non
644 2247 745 2300 senisse
758 2249 787 2301 in
808 2247 1003 2301 Chersonesum
1018 2287 1026 2313 ,
1041 2263 1071 2302 ut
1085 2247 1190 2302 oolcaitn

150 2324 351 2376 Atheniensium
366 2322 523 2389 deduceret,
544 2324 590 2378 sed
604 2339 634 2379 ut
647 2344 759 2397 regnum
772 2341 917 2397 capesseret
932 2327 961 2379 in
978 2329 1118 2391 Doloncis,
1131 2325 1191 2380 Che*-

150 2402 236 2456 sonesi
248 2401 383 2454 Thracica
395 2403 503 2466 incolis,
512 2403 760 2477 haereditarioquasi
772 2407 846 2477 jure,
855 2419 881 2458 et
895 2409 1079 2461 annuentibus
1089 2402 1190 2460 Pisistrati

150 2481 225 2546 liliis,
238 2481 284 2552 qui
295 2492 352 2533 tutn
364 2481 474 2534 Athenis
485 2480 700 2538 dominabantur.
708 2485 769 2537 iam
779 2485 850 2537 enim
863 2485 995 2539 Pisistrati
1008 2500 1035 2540 et
1046 2487 1127 2542 Croesi
1138 2494 1190 2537 etse

151 2574 260 2634 patruus
273 2559 401 2613 Miltiadis
413 2562 506 2631 hujus,
522 2561 670 2630 Miltiades,
687 2564 793 2636 Cypseli
808 2564 891 2630 lilius,
905 2566 953 2636 qui
969 2569 1075 2637 generis
1089 2565 1189 2636 origin

151 2642 185 2693 ab
198 2644 279 2693 AEaeo
295 2641 395 2712 AEgiuse
407 2659 468 2712 rege
480 2642 613 2711 trahebat,
626 2643 736 2696 Athenis
753 2662 785 2696 ex
796 2645 903 2696 oraculo
923 2665 937 2698 s
954 2648 1085 2699 Doloncis
1096 2654 1189 2699 eraut·

152 2721 259 2784 suerat,
278 2732 308 2771 ut
322 2722 393 2791 ipsos
413 2734 523 2790 regeret.
544 2722 576 2774 ui
595 2723 712 2794 primurn
727 2723 755 2775 in
778 2723 934 2777 Chersonesi
956 2723 1082 2796 dynastia
1096 2719 1189 2778 sarad

151 2799 312 2869 Stesagoras,
329 2799 417 2851 fratris
432 2800 550 2852 Cimonis
564 2802 649 2867 lilius,
661 2800 823 2874 tandemque
844 2802 908 2857 hnic
926 2803 1070 2859 interfecto
1089 2806 1148 2858 alter
1162 2798 1189 2852 ὖ·

151 2878 239 2932 monis
253 2878 336 2942 lilius,
357 2891 446 2930 noster
459 2877 607 2946 Miltiades,
627 2881 674 2951 qui
691 2899 774 2952 usque
795 2880 827 2934 ad
848 2880 877 2934 id
895 2895 1003 2954 tempus
1019 2884 1127 2937 Athenis
1139 2877 1189 2933 1ιῦ

151 2970 265 3023 taverat,
274 2970 301 3009 et
309 2975 420 3009 uxorem
429 2969 518 3027 postea
526 2957 602 3013 duxit
612 2960 807 3032 Hegesipylam,
820 2961 896 3015 Olori
905 2963 1043 3016 Thracum
1050 2961 1188 3036 regisfllil

150 3038 192 3090 Ita
209 3035 360 3089 Herodotus
375 3055 415 3088 res
427 3051 532 3103 namet,
543 3039 616 3103 tvl,
629 3058 656 3110 p.
668 3040 830 3110 Sps-394
843 3054 869 3094 et
879 3048 952 3111 419,
967 3061 1000 3096 ex
1013 3041 1128 3096 editione
1138 3054 1188 3096 nn·

153 3134 212 3188 quse
227 3116 353 3187 impressa
368 3128 407 3168 est
423 3115 494 3187 apud
503 3117 585 3170 Henr.
605 3117 768 3189 Stephanum
787 3139 856 3172 anno
882 3122 966 3190 1592.
989 3122 1133 3175 Consilium
1145 3116 1189 3170 llil·

151 3194 229 3247 tiadis
244 3193 278 3246 de
300 3206 381 3265 ponte
401 3196 429 3247 in
454 3197 522 3248 Istro
538 3195 647 3250 flumine
661 3195 829 3251 dissolvendo
851 3200 996 3271 exponitur
1011 3202 1045 3252 ab
1064 3197 1188 3256 Herodwi

149 3273 169 3327 l.
178 3275 228 3337 IV,
240 3294 267 3344 p.
284 3274 353 3336 304,
362 3274 408 3325 ubi
415 3272 549 3341 videmus,
564 3275 712 3329 Miltiadem
720 3278 856 3331 assensisse
866 3291 973 3331 tantum
983 3280 1096 3333 oonsilio
1108 3291 1133 3332 et
1142 3287 1188 3350 μῦ·

152 3353 220 3404 tioui
231 3352 396 3422 Scytharum.
417 3351 609 3406 Chersonesum
625 3357 778 3428 paulopost
792 3358 913 3428 reliquit,
928 3359 985 3412 sire
997 3361 1034 3412 ob
1053 3359 1187 3412 meursius

151 3429 326 3500 Scytharum,
342 3432 412 3497 sive,
426 3431 497 3502 quod
516 3435 679 3504 probabilius
699 3449 751 3502 est,
764 3438 799 3489 ob
812 3437 886 3489 Darii
902 3449 1014 3490 anetum.
1027 3437 1080 3491 Sed
1094 3449 1147 3509 post
1157 3431 1188 3484 iti·

152 3509 261 3561 ennium
279 3511 405 3582 repetitus
420 3523 459 3562 est
474 3531 489 3563 a
510 3513 653 3578 Doloncis,
677 3516 761 3585 iisque
783 3517 922 3587 imperavit
941 3515 1030 3571 adhuc
1051 3518 1143 3570 multos
1156 3527 1187 3582 pfl

153 3606 236 3641 annos
250 3607 332 3658 usque
346 3587 378 3640 ad
394 3587 460 3641 illud
477 3603 591 3661 tempus,
611 3611 666 3664 quo
686 3596 765 3647 Ionia
781 3595 877 3647 iterum
895 3598 945 3648 sub
966 3609 1122 3667 potestatem
1138 3587 1186 3645 Μ

153 3666 259 3720 redacta
273 3679 319 3719 est.
341 3668 423 3719 Paulo
437 3681 497 3720 ante
509 3671 620 3722 umatum
638 3691 777 3744 occupasse
790 3673 912 3740 videtur,
931 3693 1013 3746 quam
1031 3677 1139 3729 insulan
1151 3684 1185 3722 tt·

156 3747 241 3805 Cares,
257 3743 303 3796 sed
317 3746 418 3814 Pelasgi
433 3748 571 3812 tenebant,
588 3764 616 3802 ut
628 3751 782 3805 Herodotus
796 3753 898 3824 prodit,
912 3755 931 3807 l.
940 3756 975 3819 V,
988 3774 1015 3826 p.
1031 3757 1086 3809 338
1095 3768 1120 3806 et
1130 3746 1186 3804 llis

153 3847 180 3898 p.
192 3827 257 3889 433.
280 3825 318 3875 De
332 3843 421 3894 pugna
434 3826 602 3890 Marathona,
628 3830 662 3883 de
675 3832 748 3884 irrita
762 3834 959 3904 oppugnatione
970 3835 1047 3894 Pari,
1068 3846 1094 3886 et
1106 3831 1136 3884 de
1148 3823 1187 3879 iifl·

152 3905 229 3958 tiadis
247 3904 415 3957 accusatione.
433 3917 459 3955 et
473 3919 560 3958 morte
580 3911 666 3962 multa
680 3909 821 3964 traduntur
839 3912 908 3964 libro
927 3914 967 3965 Vl
986 3912 1126 3975 Herodoti,
1147 3917 1187 3977 φ’

150 3984 228 4054 louge
240 3984 358 4039 abstusta
371 3984 654 4042 Corneliinarratione.
666 3990 772 4044 Notabo
783 4003 885 4045 tautum
896 3983 1187 4065 depngnsldaratlusits
