2706 4770
180 126 197 170 A
224 119 244 185 t
486 114 762 183 CORNELII
789 114 1022 183 NEPOTIS

221 239 330 307 minus
347 261 463 305 eorum
479 235 650 305 voluntate.
658 251 830 366 perpetuo
845 238 1019 331 imperium
1035 234 1216 319 obtineret,
1228 234 1314 326 qui.

222 346 392 431 miserant,
411 368 508 436 quam
519 328 669 412 illorum
675 369 780 431 cum
791 344 909 439 quibus
918 359 989 413 erat
997 342 1175 438 profectus
1176 338 1325 409 Cher-

222 474 339 520 soneso
367 447 423 516 tali
446 448 545 517 modo
569 397 765 532 constituta,
786 453 951 519 Lemnum
975 449 1169 531 revertitur,
1191 459 1291 513 etex

223 571 320 653 pacto
330 553 490 649 postulat
512 569 550 622 ut
560 555 620 623 slbt
632 539 765 623 urbem
786 555 941 626 tradant:
958 553 1005 624 illi
1018 579 1104 624 emm
1118 551 1330 638 dixeram„

224 687 343 756 quum,
361 675 461 730 vento
484 661 584 729 borea
600 660 717 730 domo⁷
740 662 908 755 profectus
925 688 965 731 eo
979 661 1201 757 pervenisset,
1221 681 1337 726 sese-

224 768 416 837 dedituros.
436 793 470 836 se
488 783 598 836 autem
618 768 754 836 domum
777 768 974 837 Chersonesi
997 767 1128 838 habere.
1150 748 1278 833 Cares⁸
1287 816 1320 849 ,..

226 876 282 969 qui
305 889 375 942 tum
398 876 562 941 Lemnum
585 873 793 957 incolebant,
817 875 875 943 etsi
894 889 1014 968 praeter
1030 873 1225 968 opinionem
1244 893 1326 938 res

227 980 406 1064 ceciderat,
425 995 550 1067 tamen,
572 989 639 1047 non
658 979 763 1066 dicto,
785 979 842 1049 sed
858 979 1001 1049 secunda
1019 979 1151 1048 fortuna
1174 975 1307 1045 adver-

227 1088 389 1157 sariorum
412 1089 515 1181 capti,
538 1087 688 1154 resistcre
707 1089 777 1155 ansi
800 1112 867 1156 non
889 1100 981 1173 sunt,
1002 1100 1103 1179 atque
1122 1108 1165 1152 ex
1187 1079 1312 1152 insula

229 1193 463 1285 demigrarunt.
485 1195 559 1261 Pari
582 1191 734 1261 felicitate
749 1207 874 1261 ceteras
890 1192 1026 1280 insulas,
1047 1216 1120 1285 quae
1132 1186 1311 1284 Cyclades

230 1302 459 1382 nominantur,
481 1299 544 1365 sub
569 1298 816 1367 Atheniensium
837 1298 963 1392 redegit
984 1310 1193 1393 potestatem.

283 1408 344 1474 lll.
374 1403 507 1471 Eisdem
531 1405 752 1497 temporibus,
783 1407 955 1472 Persarum
982 1428 1041 1472 rex
1063 1399 1234 1488 Darius¹,
1257 1426 1305 1470 ex

231 1512 308 1581 Asia
324 1512 358 1577 in
372 1512 541 1603 Europam
554 1512 698 1578 exercitu
713 1509 883 1603 trajeeto²,
892 1510 1022 1603 Scythis
1036 1508 1160 1578 bellum
1175 1507 1308 1576 inferre

232 1694 328 1759 Qualia
340 1694 432 1744 absens
440 1704 563 1763 praestare
571 1704 687 1762 poterat,
698 1710 745 1745 ve·
789 1693 877 1764 pactio
905 1694 972 1746 seria
994 1711 1049 1746 non
1069 1693 1161 1746 fuisset
1176 1710 1183 1745 :
1199 1693 1307 1764 quippe

235 1774 284 1826 luti
298 1774 460 1825 frumentum
477 1772 601 1837 mittere,
616 1784 665 1824 etc.
790 1774 836 1842 qui
864 1774 988 1825 irridentes
1009 1771 1226 1844 respondissent3
1244 1785 1305 1824 tum

276 1854 299 1906 5.
311 1854 361 1922 Qui
367 1857 491 1912 miserant,
502 1871 572 1922 quam
580 1852 685 1912 illorum,
695 1864 745 1904 etc.
791 1850 863 1924 quod
876 1853 910 1904 de
923 1850 1052 1905 Miltiadis
1064 1851 1148 1905 domo
1160 1852 1205 1904 illa
1220 1869 1304 1924 quam

237 1931 270 1988 ld
282 1944 321 1986 est
334 1933 536 1984 Atheniensium
550 1950 580 1983 ac
591 1932 748 1985 colonorum
792 1945 855 1984 tunc
863 1933 990 1998 habebat,
999 1951 1054 1984 non
1063 1950 1142 2004 quam
1151 1932 1234 1984 umis
1245 1949 1306 2002 poa·

239 2013 384 2066 voluntate.
740 2039 743 2044 ·
792 2025 833 2064 tea
849 2010 1218 2083 quaesierat,sp0pondisseut.
1233 2011 1304 2062 Rar.

282 2096 308 2146 6.
323 2091 417 2143 Urbem.
431 2089 546 2155 Quidam
558 2089 637 2140 urbem
647 2109 697 2161 pro
709 2091 751 2142 in·
793 2092 896 2144 -Sed
908 2092 1010 2143 secunda
1017 2092 1135 2158 fhrtuuaa
1147 2103 1196 2143 etc.
1215 2090 1304 2143 Zeno·

242 2171 297 2226 aula
308 2171 429 2241 capiunt,
441 2169 512 2238 quod
526 2181 626 2221 tantum
636 2209 642 2234 ,
651 2170 672 2221 si
684 2183 751 2223 esset
793 2172 853 2223 hius
873 2172 963 2243 paullo
980 2172 1071 2238 aliter,
1085 2170 1162 2223 Ceut.
1179 2170 1210 2236 3,
1228 2188 1303 2222 num.

241 2253 373 2309 ciuitatem,
392 2249 501 2319 intelligi
517 2261 612 2320 posset.
628 2250 750 2319 Myrinam
796 2252 842 2320 37.
856 2251 1047 2304 Grannum-
1057 2250 1137 2320 capti.
1154 2248 1277 2320 Impulai.

243 2343 329 2383 autem
351 2330 395 2381 hic
413 2327 608 2399 intelligendam
629 2347 684 2381 esse
702 2327 752 2381 do·
836 2332 899 2384 Cau.
907 2331 957 2383 111.
972 2349 995 2383 1.
1009 2332 1109 2382 Darius.
1124 2328 1302 2401 Hystaspiall·

243 2422 285 2463 cet
305 2409 408 2462 Charax
425 2407 496 2479 apud
511 2407 690 2478 Stephanum,
706 2429 752 2460 ur·
794 2410 859 2474 lius,
869 2430 950 2481 quern
964 2409 1060 2463 Esdras
1072 2422 1098 2462 et
1113 2409 1194 2461 Philo
1210 2415 1302 2461 me·

243 2490 305 2544 bem
322 2488 489 2561 primariam.
505 2507 556 2559 qua
570 2486 681 2552 tradita,
698 2500 753 2540 tota
795 2510 856 2542 rum
868 2489 1130 2561 vocant3quiquesui
1143 2487 1302 2561 equihinni·

244 2570 327 2624 insula
343 2587 423 2640 penes
439 2565 587 2619 Miltiadem
602 2581 666 2620 erat.
797 2582 842 2633 tu,
858 2571 955 2623 occisis
965 2570 1048 2641 Magis
1068 2569 1141 2640 regui
1166 2570 1304 2622 Persarum

287 2669 312 2721 7.
329 2651 416 2702 Domo.
432 2648 471 2699 Ex
486 2666 515 2699 ea
528 2649 611 2710 urbe,
623 2647 754 2699 ubidomi·
797 2651 1013 2741 usurpatoribus,
1019 2645 1307 2702 rexelectusestmnde

247 2732 326 2783 cilium
339 2729 455 2781 haberet.
472 2728 576 2780 Brona.
799 2742 887 2800 postea
907 2731 935 2781 in
955 2730 1041 2800 sigillo
1059 2728 1193 2799 sculptum
1208 2745 1307 2800 equum

288 2813 314 2865 8.
333 2810 416 2862 Cam.
432 2807 552 2878 Pelasgos
563 2809 694 2859 Lemnum
706 2807 755 2860 hac
798 2809 920 2862 habuisse
942 2810 1034 2862 fertur.
1058 2807 1191 2860 Adversus
1211 2808 1308 2878 lancy·

248 2902 402 2960 tempestate
418 2888 557 2940 incoluisse
568 2901 656 2940 narrat
671 2887 756 2940 Hero·
800 2908 874 2956 rum,
881 2874 948 2953 tel,
959 2901 988 2941 ut
1003 2889 1046 2941 alu
1057 2889 1150 2940 volunt
1158 2885 1310 2959 ,·1denthy

249 2966 341 3032 dotus,
355 2969 409 3032 VI,
423 2974 543 3029 ¹l⁰·-
559 2968 654 3018 Praeter
667 2972 759 3038 opinio·
800 2988 859 3021 rum
866 2969 1040 3039 ,Scytharum
1052 2987 1139 3038 regem
1150 2987 1179 3020 m
1189 2968 1311 3039 Europa,

249 3067 309 3100 uem.
325 3048 407 3099 Aliter
423 3066 452 3098 ac
466 3061 650 3118 speraverant;
663 3061 758 3118 praeter
801 3048 900 3101 bellum
907 3047 1163 3120 movit,quodsuam
1170 3045 1313 3100 filiamsibi

250 3127 480 3196 exspectationem.
505 3125 547 3177 Sic
571 3127 707 3179 Sallustius
731 3128 758 3178 in
802 3147 912 3181 uxorem
927 3126 1094 3198 denegasset,
1109 3140 1174 3179 teste
1187 3126 1313 3193 Justino,

250 3204 356 3275 Jugurt.
366 3204 455 3256 LVIl:
467 3230 478 3250 ·
489 3203 560 3274 quod
572 3207 694 3258 Metellus
704 3225 758 3259 am·
802 3209 846 3272 11,
860 3209 890 3273 53
902 3209 942 3260 vel
957 3205 1101 3261 secuudum
1111 3203 1212 3260 Herod.
1224 3207 1277 3272 IV,
1290 3224 1314 3266 1,

252 3283 322 3356 plius
341 3287 450 3354 opinione
469 3285 627 3336 morabatur.
643 3312 654 3331 ι
674 3290 761 3356 Atque
803 3286 875 3359 quod
882 3285 1315 3359 ScythasinMediamirmpisaent.

252 3361 345 3417 idem:
370 3390 381 3409 ι
398 3364 496 3415 Contra
513 3367 646 3434 ophriouem
662 3365 678 3414 J
681 3384 760 3435 ugur·
846 3388 871 3420 a.
888 3370 1005 3420 Exercitu
1020 3370 1127 3437 trajecto.
1141 3366 1192 3418 Per
1204 3365 1319 3418 Thraci·

254 3443 306 3496 thae
326 3440 358 3494 ad
378 3442 489 3494 Thalam
510 3444 677 3513 perueniunt.
695 3472 704 3490 a
722 3476 762 3486 —
805 3465 866 3498 cum
879 3448 1147 3517 Bosphorum,quem
1161 3457 1246 3517 ponte
1254 3449 1318 3514 jaan-

256 3522 388 3577 Ceciderat.
413 3522 551 3575 Evenerat.
572 3523 727 3594 Metaphora
747 3543 762 3575 e
807 3525 1185 3596 xitseptingeutishominum
1196 3525 1320 3578 millibus

256 3603 369 3655 talorum
381 3604 452 3671 jactu
464 3600 556 3666 ducta,
568 3603 613 3654 ubi
627 3604 696 3667 fors,
710 3623 763 3655 non
808 3608 942 3658 corastabat
953 3606 996 3658 hic
1007 3606 1143 3659 exercitus.
1153 3605 1223 3656 Just.
1236 3605 1320 3669 11,5;

256 3682 395 3736 consilium
415 3694 516 3734 certum
530 3680 690 3735 dominatur.
701 3685 762 3735 Tus.
808 3684 909 3738 Herod.
926 3688 974 3749 IV,
987 3688 1023 3755 87
1033 3705 1040 3750 ;
1052 3683 1162 3738 Diodor.
1174 3686 1216 3748 ll,
1231 3686 1263 3749 5,
1276 3703 1323 3737 oc-

189 3756 192 3764 ’
256 3796 296 3811 -
310 3764 393 3817 Dicto.
411 3761 603 3816 conventione.
617 3763 688 3817 Tum
703 3764 764 3834 quia
808 3765 1176 3837 tingatis-scytanum
1184 3764 1323 3828 Asiaticis,
