2706 4770
148 356 224 429 328
317 354 547 424 JOANNIS
572 352 733 421 HENR.
761 348 1053 421 SCHLEGEL

187 488 269 541 Plane
289 484 406 538 diversus
426 484 494 536 liber
511 495 550 536 est
566 502 581 534 a
598 482 660 535 vitis
678 482 869 552 imperatorum
886 481 941 534 vita
967 480 1072 546 Attici,
1097 480 1158 534 iicet
1174 482 1199 533 rb

147 565 243 619 eodern
258 579 364 617 auctore
383 564 540 635 conscripta.
560 563 659 615 Merito
674 559 800 615 laudatur
810 561 868 614 buu
884 560 920 613 ab
935 560 1065 615 omuibus
1088 560 1125 613 ob
1138 561 1199 633 iuge·

149 647 276 698 unitatem
297 658 323 697 et
340 645 376 697 ob
399 655 481 695 artem
502 642 678 713 singularem,
702 659 757 713 qua
780 641 898 694 bominis
918 640 1033 712 privati,
1064 659 1081 692 s
1100 640 1197 711 strepim

149 743 283 777 armorum
297 737 324 775 et
339 725 372 775 ab
383 723 531 775 honoribus
543 722 636 785 alieni,
647 722 759 773 virtutes
773 733 958 792 exponuntur;
978 732 1019 772 est
1038 732 1128 773 umen
1144 737 1197 771 nus·

148 823 285 873 nunqnam
303 803 442 855 obscurior
467 803 503 853 ob
529 801 714 871 negiigentiam
736 800 903 872 intempore
918 798 1049 853 noundu.
1072 796 1193 853 Stribeadi

149 884 216 936 ratio
234 894 363 934 monstrat
384 894 518 934 auctorem
540 899 641 933 summa
657 879 821 933 bumauitate
842 893 869 932 et
886 876 1032 949 prudentia
1052 875 1191 952 prditum.

149 962 314 1032 amicumque
328 973 492 1014 constantem
503 972 530 1011 et
541 961 687 1012 amabilem.

280 1099 342 1165 ΙΙΙ.
375 1095 633 1166 Observationes
652 1100 832 1163 criticae!
845 1095 1077 1190 plu’lologt‘coe.

190 1260 347 1331 speciminis
367 1260 427 1311 loco
448 1257 518 1311 dabo
537 1259 732 1311 observationes
752 1256 878 1329 quasdam
896 1260 1018 1325 critias,
1037 1259 1185 1331 muqmts,

151 1341 288 1394 historicas
296 1377 305 1403 ,
313 1357 342 1391 ea
349 1352 451 1391 tanturn
460 1337 589 1409 deligens,
599 1356 657 1408 quoe
667 1338 734 1391 scitu
747 1337 868 1408 jucunda
880 1352 908 1392 et
918 1339 1011 1396 utilia,
1022 1358 1082 1412 qun
1089 1338 1184 1392 ulteriui

151 1419 329 1491 disquisitioni
345 1431 405 1490 apta
418 1417 549 1470 ridentur.
577 1417 605 1469 Si
618 1419 689 1470 enirn
704 1418 811 1482 omnia,
826 1437 886 1488 qun
901 1416 936 1470 ad
947 1419 1006 1497 hmo
1018 1419 1101 1491 capitu
1113 1416 1183 1473 trimi

150 1512 277 1571 possunt,
297 1500 445 1550 examinare
459 1497 703 1565 instituerem,non
718 1515 800 1550 essem
819 1495 1046 1563 dissertationem,
1059 1496 1183 1570 sedjust·

150 1581 276 1631 volumen
288 1578 462 1631 exhibiturus

192 1661 215 1711 1.
234 1666 341 1712 Attente
352 1658 466 1727 legentes
477 1657 648 1722 Cornelium,
668 1656 767 1708 heum
782 1656 810 1709 in
825 1675 858 1709 eo
872 1657 1053 1711 observabunt
1064 1655 1184 1723 duaadbtt

152 1757 202 1791 nec
216 1739 244 1790 iu
264 1735 399 1790 codicibus
409 1755 458 1789 nec
477 1737 505 1789 in
523 1734 641 1788 editione
655 1735 789 1807 principe,
803 1749 830 1788 et
842 1735 892 1800 iis,
908 1755 969 1807 qun
981 1738 1122 1791 subsecuto
1131 1746 1185 1799 nd.

154 1818 237 1870 ulium
251 1829 359 1868 notetur
367 1834 457 1868 earum
466 1815 613 1886 vestigium.
629 1815 734 1879 Prima,
749 1834 827 1886 quam
836 1818 890 1887 jam
898 1816 1187 1879 observanda-tiu.

154 1897 232 1951 estin
247 1896 301 1948 rita
316 1895 451 1966 ἱμάτι’,
463 1895 513 1947 sub
525 1895 606 1947 finem
620 1912 678 1966 cap.
692 1895 734 1960 11;
742 1895 906 1966 ultera,qnu
917 1896 1042 1949 bmbiui
1056 1898 1133 1952 aciem
1141 1895 1189 1949 ὡ·

154 1979 238 2049 git,et
251 1977 284 2027 ab
292 1977 410 2045 Augusto
418 1975 559 2030 Bncbuero
567 1975 684 2045 primum
696 1985 786 2026 notata
795 1986 851 2040 est,
862 1975 891 2027 in
898 1975 952 2029 rita
963 1977 1092 2037 Eumenis,
1100 1974 1189 2047 capii.

154 2059 274 2127 Uterque
286 2056 359 2107 locus
367 2055 473 2126 punctis
480 2073 527 2107 scu
537 2053 665 2106 meriscis
677 2051 809 2107 iudicatur
820 2055 1050 2120 areoentioribus,
1061 2053 1190 2129 qnosnuti,

154 2137 295 2207 plerisque.
309 2135 362 2186 i'ir
381 2147 565 2205 argumentum
582 2136 665 2203 majus
682 2151 738 2185 esse
751 2146 851 2205 potest,
871 2134 982 2205 periisse
995 2154 1089 2189 omnes
1102 2134 1191 2189 olimti

154 2214 310 2282 antiquitate
332 2213 437 2266 relictos
459 2212 561 2266 codices
584 2212 664 2282 hujus
684 2212 770 2278 libri,
798 2226 893 2284 preter
915 2215 993 2266 illum
1016 2234 1114 2277 unum,
1131 2230 1192 2285 qu

154 2291 278 2344 AErnilius
294 2290 396 2343 Probus
411 2293 582 2362 exscripserat
599 2289 750 2344 Theodosio
769 2292 967 2358 exhibendum
989 2307 1017 2347 et
1039 2314 1072 2348 ex
1090 2295 1142 2349 solu
1155 2293 1192 2346 but

155 2367 323 2439 apographo,
339 2369 385 2438 qui
409 2370 509 2441 etipse
529 2370 630 2423 dudum
651 2371 758 2443 periisse
772 2370 890 2436 videtur,
912 2368 1041 2445 tinquam
1060 2374 1194 2447 nehem

155 2446 286 2500 effluxisse
303 2448 399 2499 sensim
414 2468 517 2514 omnes,
543 2451 589 2521 qui
602 2448 690 2504 adhuc
702 2470 751 2523 per
760 2453 895 2523 Europam
905 2452 1094 2524 reperiuntur,
1110 2450 1193 2507 cud'n

155 2546 235 2580 mauu
249 2541 376 2579 exaratos.

195 2608 286 2659 Euat·
301 2619 362 2659 sunt
373 2608 486 2673 lacunae,
499 2608 648 2674 breviores,
660 2611 744 2682 qualis
757 2612 800 2664 illu
815 2612 842 2664 in
851 2612 969 2666 Eumene
981 2612 1104 2668 habenda
1115 2626 1193 2678 ιαμ

156 2687 294 2740 oscitantia
313 2686 429 2751 librarii;
448 2688 598 2759 longiores,
610 2691 695 2760 qualis
709 2709 739 2743 ea
754 2693 782 2743 in
797 2690 935 2764 Lysandro
960 2688 1072 2753 (omissa
1087 2706 1126 2749 est
1140 2690 1194 2747 ὁ

156 2779 210 2819 tota
227 2785 285 2829 res,
297 2784 375 2835 quam
391 2767 479 2837 Nepos
498 2780 653 2821 narraturus
667 2766 751 2833 erat),
765 2790 810 2823 seu
830 2789 862 2823 ex
876 2770 968 2824 eadem
986 2774 1138 2839 oscituntia,
1150 2788 1195 2827 a·

156 2847 235 2899 etiam
248 2843 321 2916 quod
341 2846 434 2916 sepius
450 2845 558 2908 accidit,
584 2846 683 2901 codicis
705 2851 825 2921 primarii
846 2851 1021 2906 mutilatione.
1054 2853 1130 2907 Pauci
1144 2852 1195 2905 ‘at

157 2926 241 2977 bonos
256 2943 362 2995 quoque
375 2923 478 2978 codices
493 2927 662 2998 reperiuntur
674 2920 719 2996 (id
734 2930 805 2982 eninr
825 2932 896 2983 usui
911 2943 937 2983 et
947 2932 1073 2986 bumanm
1084 2927 1196 3004 ἥψω

157 3002 291 3067 dandum)
304 3005 361 3057 sine
370 3005 457 3076 aliquo
464 3003 576 3059 deiectu.
592 3007 620 3059 Si
632 3026 648 3060 e
658 3006 767 3062 diversis
778 3023 932 3062 emanarunt
939 3008 1197 3075 concibanexhibshit

157 3084 233 3137 facile
241 3103 322 3147 unus,
330 3083 402 3154 quod
411 3084 574 3138 desideratur
587 3088 615 3138 in
627 3087 692 3142 aliis.
710 3088 754 3141 stc
767 3090 894 3142 nonnulla
905 3091 1002 3162 scripta
1018 3104 1197 3165 veterum?

156 3182 250 3216 manca
260 3177 334 3215 eraut
345 3164 372 3214 in
388 3163 505 3217 editione
518 3166 618 3236 prima,
635 3186 705 3220 novo
718 3166 827 3234 codice,
843 3171 884 3231 rel
897 3170 976 3224 etiam
989 3173 1100 3243 siugulis
1112 3182 1196 3225 tnta!

157 3242 228 3295 foliis
241 3255 266 3293 et
277 3243 429 3312 fragmentis
439 3247 562 3315 repertis,
586 3246 697 3299 feliciter
715 3249 835 3318 suppleta
850 3249 953 3301 scimus.
981 3250 1030 3303 Sin
1042 3246 1197 3304 senode·

156 3322 257 3374 lacuum
276 3320 449 3374 offenduntur
463 3323 491 3375 in
511 3325 650 3387 omuibus,
673 3339 743 3380 recte
755 3325 907 3398 judicantur
928 3327 1011 3381 iidem
1031 3349 1124 3385 omues
1138 3325 1197 3383 Μ’

158 3418 213 3452 esse
225 3420 256 3452 ex
271 3399 364 3453 eodem
385 3403 471 3465 sonte,
494 3422 577 3474 eoque
601 3406 755 3475 posterioris
778 3408 826 3459 aevi
847 3408 902 3460 site
922 3427 983 3461 cusu
997 3410 1055 3463 sive
1074 3410 1197 3482 cnlptj·

158 3492 292 3549 corrupto.
310 3481 388 3534 Valet
403 3482 491 3552 itaque
513 3481 546 3535 de
562 3484 672 3554 Nepotis
688 3487 893 3558 imperatoribus
909 3486 995 3544 idem.
1011 3488 1088 3560 quod
1105 3489 1198 3543 udtbu·

157 3557 240 3611 rimus
253 3570 279 3609 et
294 3560 411 3630 optimus
422 3561 478 3619 vir,
491 3562 517 3614 J.
531 3565 565 3615 A.
577 3565 676 3615 Ernesti
687 3567 871 3637 pronunciavit
877 3566 912 3619 de
926 3568 1027 3630 Tacito,
1039 3570 1115 3622 Prtf.
1124 3587 1149 3641 p.
1158 3568 1196 3620 tit

163 3664 174 3684 ι
184 3635 284 3689 Omnes
298 3639 434 3692 vurietatcs
452 3642 611 3705 lectionum,
627 3663 691 3715 quas
710 3664 725 3698 e
743 3646 817 3698 libris
832 3647 937 3718 scriptis
954 3661 1060 3705 notatas
1076 3650 1195 3701 habtmttt·

163 3716 294 3789 sproprie
316 3735 371 3770 esse
391 3719 527 3773 varietates
549 3722 627 3773 unius
648 3726 778 3797 exempli,
798 3744 852 3778 nnn
867 3726 1006 3798 plurium,
1032 3747 1092 3800 qua
1110 3746 1138 3780 ex
1151 3726 1195 3795 ipsu

163 3822 175 3842 e
184 3796 328 3868 archetypo
335 3794 467 3851 fluxerint.
479 3797 558 3851 Unde
567 3800 611 3866 fit,
626 3816 655 3854 ut
670 3805 793 3858 omnibus
805 3803 941 3860 codicibus
953 3805 1135 3879 comprendis
1144 3801 1196 3857 nihi

164 3874 257 3929 «aliud
280 3874 348 3930 effici
368 3876 464 3948 possit,
489 3897 567 3949 quarn
587 3893 632 3945 ut,
656 3883 721 3955 quid
740 3885 768 3937 iu
786 3903 840 3938 uno
863 3886 909 3939 illo
925 3888 1093 3959 apographo,
1109 3879 1196 3939 uudcii

166 3974 293 4020 arcuere,
315 3956 413 4021 fuerit,
428 3956 599 4013 inveniamus.
612 3987 623 4005 ·
