2706 4770
148 370 196 441 9²
409 343 683 414 CORNELII
718 343 946 412 NEPOTIS

147 478 484 548 Lacedaemoniorum.
504 479 538 545 Is
558 479 643 544 inter
660 473 917 570 Thrasybulum,
939 488 974 542 et
985 498 1060 561 eos,
1078 477 1135 569 qui
1151 501 1210 544 ur-

147 584 223 653 bem
246 583 423 668 tenebant,
442 582 519 651 fecit
546 579 683 676 pacem²
707 581 758 649 his
784 581 1050 650 conditionibus:
1075 584 1210 676 nequi,

147 705 268 784 praeter
289 691 423 782 triginta
442 702 619 782 tyrannos,
637 702 670 755 et
691 687 822 774 decem,
841 689 896 781 qui
917 701 1031 782 postea
1053 701 1210 781 praetores

147 797 265 879 creati,
285 795 462 889 superioris
479 819 573 863 more
591 793 793 863 crudelitatis
810 808 905 862 erant
918 795 984 880 usi,
998 792 1210 863 afficerentur

147 899 270 987 exilio,
294 925 377 969 neve
402 901 490 968 bona
518 900 764 996 publicarentur
779 926 788 986 3
806 897 996 994 reipublicae
1019 902 1210 992 procuratio

148 1005 273 1101 populo
299 1006 500 1075 redderetur.
527 1005 724 1075 Praeclarum
746 1005 811 1075 hoc
840 1031 971 1099 quoque
992 1003 1210 1099 Thrasybuli,

148 1111 252 1206 quod,
266 1112 475 1182 reconciliata
485 1138 580 1207 pace,
592 1138 693 1206 quum
708 1111 886 1206 plurimum
895 1113 930 1179 in
939 1113 1073 1180 civitate
1082 1126 1210 1206 posset,

149 1217 255 1312 legem
265 1216 340 1287 tulit
349 1205 373 1306 ³,
383 1245 424 1288 ne
438 1221 511 1313 quis
524 1234 750 1288 anteactarum
764 1243 875 1286 rerum
885 1231 1116 1303 accusaretur,
1129 1241 1211 1285 neve

147 1324 347 1400 multaretur
376 1351 383 1392 :
414 1350 551 1418 eamque
578 1324 623 1392 illi
653 1324 759 1420 legem
792 1324 965 1394 oblivionis
991 1320 1209 1417 appellarimt

149 1432 266 1524 Neque
282 1456 362 1500 vero
378 1432 464 1500 hanc
479 1446 607 1500 tantum
623 1431 792 1501 ferendam
808 1433 953 1516 curavit3
969 1428 1160 1514 sedetiam,
1176 1442 1213 1497 ut

150 1535 291 1622 valeret,
310 1537 428 1606 effecit.
448 1540 535 1606 Nam
548 1563 651 1631 quum
669 1537 802 1632 quidam
818 1562 858 1617 ex
872 1536 939 1622 his,
953 1537 1009 1628 qui
1025 1533 1123 1603 simul
1137 1559 1212 1604 cum

151 1667 191 1712 eo
213 1645 248 1710 in
270 1642 367 1710 exilio
390 1643 537 1727 fucrant,
556 1644 677 1712 caedem
703 1643 812 1713 facere
828 1628 967 1712 eorum⁴
982 1639 1122 1725 vellent,
1136 1665 1212 1709 cum

149 1748 268 1841 quibus
288 1750 321 1814 in
341 1750 479 1842 gratiam
501 1749 642 1818 reditum
664 1764 736 1818 erat
749 1776 758 1837 ;
771 1747 902 1844 publice
927 1745 1113 1842 prohibuit,
1130 1761 1163 1814 et
1181 1745 1213 1814 id

149 1854 239 1947 quotl
261 1853 424 1948 pollicitus
446 1869 532 1942 erat,
553 1857 710 1949 praestitit.

203 1962 262 2028 IV.
287 1962 389 2047 Huic,
404 1986 466 2055 pro
479 1963 579 2029 tantis
593 1963 734 2050 meritis,
748 1962 885 2029 honoris
898 1958 1039 2028 corona¹
1057 1957 1213 2054 apopulo

151 2153 250 2206 seilicet
261 2166 381 2207 mactato.
394 2157 503 2226 Dejicere
515 2159 587 2208 enim
597 2176 657 2209 ver·
702 2157 819 2227 pretium
828 2154 861 2207 ad
870 2155 1009 2226 publicum
1020 2153 1143 2205 serarium
1152 2171 1213 2205 eon-

151 2233 217 2285 bum
232 2233 259 2284 in
271 2234 404 2286 sacrificiis
414 2248 459 2287 aut
470 2237 610 2288 venatione
625 2235 658 2288 de
703 2238 824 2289 ferretur.
849 2267 889 2277 -
907 2234 1052 2304 depublicet
1072 2236 1212 2302 precaretur

152 2312 242 2364 bestiis
257 2324 283 2364 et
298 2313 360 2365 feris
375 2330 540 2385 usurpatum.
557 2315 659 2369 Eodem
699 2316 789 2386 populo
799 2314 941 2366 redderetur.
954 2314 1070 2382 Nempe,
1079 2311 1214 2364 democra-

152 2409 230 2442 sensu
242 2392 421 2458 Justinus,V,
431 2412 465 2445 ιο
478 2413 485 2446 :
502 2396 661 2466 «Tyranni,
704 2395 755 2460 tia,
770 2406 800 2446 ut
816 2406 908 2457 antea,
922 2393 1114 2445 restitueretur.

153 2483 183 2522 ut
195 2471 266 2540 pacis
279 2471 403 2535 victime,
418 2472 592 2527 trucidantur.
610 2502 620 2521 ι
745 2475 771 2527 3.
786 2475 872 2542 legem
881 2474 947 2533 tulit,
958 2485 1007 2524 ete.
1018 2470 1099 2537 Quod
1109 2471 1214 2541 praecla-

195 2551 303 2603 a.'Fecit
310 2571 401 2621 pacem.
414 2553 476 2604 Nou
486 2555 658 2615 misericordia,
704 2571 763 2606 rum
775 2553 935 2623 Thrasybuli
947 2552 1046 2604 lactum
1057 2569 1151 2603 omnes
1160 2550 1213 2602 lete

154 2643 184 2681 ut
196 2630 317 2684 lustinus
331 2631 367 2684 ait
379 2633 437 2701 ,V,
455 2652 508 2697 10,
523 2633 569 2686 sed
582 2635 661 2687 simul
705 2646 822 2686 auctores
832 2630 955 2684 laudibus
968 2632 1143 2684 celebravere.
1155 2629 1215 2681 Exi·

153 2708 224 2780 quod
246 2709 384 2781 Lysandro
407 2710 481 2783 (qui
500 2714 581 2784 paulo
601 2727 661 2767 ante
705 2714 764 2765 mite
789 2712 950 2783 Thrasybuli
978 2707 1072 2781 agendi
1104 2709 1213 2762 rationis

154 2789 341 2843 Laeedtemone
363 2793 482 2864 tyrannis
501 2794 599 2846 auxilio
619 2812 662 2845 ve·
705 2793 883 2845 emulatorem
892 2810 918 2843 se
926 2790 1046 2862 praestitit
1053 2789 1213 2860 qmcumque

154 2867 247 2933 uerat)
254 2869 393 2935 inviderem
401 2872 478 2925 simul
486 2873 578 2935 etiam,
588 2871 661 2945 quod
705 2872 807 2944 optavit
815 2890 907 2942 pacem
917 2883 943 2923 et
952 2869 1071 2941 gloriam.
1079 2900 1121 2911 -
1128 2868 1214 2938 Lego

155 2950 276 3021 Spartam
288 2951 355 3002 male
368 2950 439 3022 apud
450 2951 557 3005 Graecos
570 2952 662 3006 audire
705 2951 929 3004 odlr'vionisNaler.
937 2951 1007 3001 Max.
1016 2948 1071 3011 IV,
1083 2960 1169 3013 1,ext.
1179 2954 1194 3011 4
1204 2964 1210 2998 :

155 3029 320 3101 intelligeret.
327 3030 662 3089 Diodor.X1V.AddeXe·
710 3058 720 3078 ι
736 3030 799 3083 Hec
813 3030 913 3083 oblivio
926 3068 934 3094 ,
946 3047 1024 3100 quam
1041 3027 1213 3081 athenieme

156 3109 335 3179 nophontem.
348 3111 416 3164 nist.
431 3132 469 3184 gr.
486 3116 522 3167 11.
536 3115 641 3166 Bostm.
706 3111 828 3181 ἀμνηςίαν
837 3122 938 3162 vocant.
952 3135 963 3155 ι
973 3106 1055 3159 -Ut
1064 3105 1169 3159 valeret.
1175 3106 1211 3159 Ut

156 3189 334 3251 -Etdeeem,
344 3195 472 3262 quipostea
477 3205 591 3264 praetores
600 3213 664 3244 crea·
705 3201 869 3256 servaretur,
880 3207 909 3240 ac
920 3189 1027 3259 vigeret.

158 3272 185 3319 ti.
201 3266 234 3319 Id
249 3282 307 3332 est,
326 3281 352 3321 et
371 3268 513 3325 decemviri
532 3273 593 3343 qui,
615 3273 663 3326 tri·
747 3276 773 3333 4.
788 3269 883 3321 Coedem
889 3270 973 3334 facere
984 3286 1076 3327 eorum,
1090 3278 1141 3319 ete.
1157 3264 1213 3317 Hoc

155 3347 225 3417 ginta
252 3349 371 3417 tyrannis
389 3351 495 3419 ejectis,
512 3353 663 3423 reipublice
706 3368 790 3422 quum
802 3344 910 3420 impune
921 3348 1037 3399 lacerent
1049 3358 1112 3418 post
1126 3343 1214 3397 Antel-

155 3423 309 3477 ordinandte
323 3445 399 3479 causa
418 3430 522 3483 fuerant
533 3433 566 3483 ab
580 3432 661 3483 Athe·
706 3428 771 3483 cide
785 3442 878 3500 paean
888 3428 989 3498 aliquot
1000 3425 1111 3479 Graeeie
1123 3424 1213 3478 cirita·

155 3504 291 3558 niensibus
319 3511 408 3560 creati.
433 3508 530 3562 Justin.
553 3511 595 3574 V,
618 3529 662 3562 10.
707 3522 761 3575 tes,
776 3504 866 3560 multis
886 3526 916 3560 ae
935 3506 1038 3577 magnis
1057 3503 1213 3557 tumultibus

156 3584 198 3637 Ne
211 3601 260 3654 pro
271 3582 426 3640 decemviris
439 3588 534 3642 habeas
548 3602 622 3641 antea
635 3590 662 3641 in
707 3608 736 3641 ac
754 3588 877 3659 periculis
895 3606 922 3639 se
937 3587 1134 3657 implicuerunt
1151 3582 1213 3635 Dio·

156 3664 664 3738 Piraeoconstitutis.-Superiorumore
706 3663 1214 3733 dorus,XV,5.Gsnn.-Publicepro·

157 3743 304 3796 crudelitatis
324 3757 392 3796 eruat
413 3751 458 3799 usi.
481 3746 513 3799 ld
535 3761 592 3811 est,
616 3749 661 3819 qui
707 3747 838 3800 litatem
846 3743 1213 3816 novalege,hrchinorogan·

156 3824 264 3895 triginta
283 3835 458 3893 tyrannorum
480 3826 662 3880 crudelitatem
707 3820 1214 3897 telata,deqna,exlsocrate,l²etimsl

157 3904 270 3957 emulari
287 3905 398 3957 fuerant.
406 3904 477 3958 Vide
490 3908 556 3960 Just.
566 3910 601 3975 V,
618 3926 661 3960 ro.
692 3901 695 3906 ’
747 3908 811 3960 Car.
825 3907 875 3958 IV.
895 3900 1215 3958 1.Hort0riseor0na.llae

155 4017 196 4028 -
221 3984 409 4039 Publicanatur.
436 3985 508 4039 Neve
528 3988 659 4040 bonorum
707 3985 854 4039 donabatur
879 3983 998 4056 quisquis
1022 3981 1055 4035 de
1080 3980 1217 4053 republica
