2706 4770
448 363 704 432 narrans.
1030 364 1100 458 139

63 493 240 588 abripiebat.
259 491 432 580 Datames,
448 495 508 562 etsi
520 493 616 588 longe
627 480 759 562 aberat³
771 494 814 562 ab
825 495 875 564 his
891 494 1100 590 regionibus,

63 598 259 691 etrmsjore
280 623 316 666 re
335 598 603 686 abstrahebatur,
622 614 731 668 tamen
752 602 837 695 regis
853 600 1014 668 voluntati
1033 625 1100 668 mo

59 728 125 772 ren
140 703 318 800 gerendum
336 707 473 798 putavit.
494 707 609 799 Itaque
624 730 699 773 cum
723 708 850 800 paucis,
868 705 925 774 sed
938 707 1016 773 viris
1038 705 1099 773 for

59 809 155 894 tibus,
179 833 298 879 navem
324 810 529 895 conscendit,
542 812 758 897 existimans,
784 810 818 879 id
847 811 935 905 quod
964 809 1098 891 accidit,

60 914 175 984 facilius
187 940 222 984 se
236 915 479 1010 imprudentem
497 940 600 1010 parva
619 940 718 984 manu
733 940 982 1011 oppressurum,
999 939 1096 1010 quam

60 1035 216 1112 paratrrm,
238 1023 388 1115 quamvis
408 1045 528 1116 magno
551 1024 710 1090 exercitu:
724 1025 794 1090 Hac
814 1021 939 1090 delatus
960 1023 992 1088 in
1015 1019 1096 1092 Cili·

59 1112 152 1212 ciem,
161 1150 309 1220 egressm
320 1126 417 1212 inde,
431 1126 501 1195 dies
515 1114 713 1220 noctesque⁴
726 1129 788 1195 iter
801 1127 941 1211 faciens,
953 1129 1096 1194 Taurum

63 1234 180 1319 morit,
196 1256 320 1326 eoque,
336 1256 402 1324 quo
419 1230 602 1317 studuerat,
624 1234 736 1300 venit:
757 1233 892 1324 quaerit,
909 1230 1027 1325 quibus
1045 1230 1096 1300 lo-

61 1337 110 1403 cis
122 1339 156 1405 sit
166 1340 282 1432 Aspis:
303 1338 473 1430 cognoscit
493 1336 581 1405 lraud
594 1336 691 1433 longe
705 1337 833 1422 abesse,
849 1336 1098 1430 profectumque

61 1458 309 1528 eanrenatum3
322 1466 421 1535 quem
436 1442 515 1510 dum
531 1442 734 1536 speculatur,
746 1441 905 1510 adventus
917 1441 988 1533 ejus
1000 1463 1097 1510 causa

62 1549 267 1640 cognoscitur.
286 1547 413 1616 Pisidas
427 1572 502 1617 cum
519 1549 572 1633 i'is,
588 1573 671 1642 quos
684 1572 794 1615 secum
809 1547 973 1631 habebat,
990 1545 1032 1614 ad
1047 1569 1096 1612 re·

61 1650 229 1722 modum
240 1655 337 1746 Aspis
353 1667 532 1748 comparat.
547 1652 587 1721 Id
601 1656 759 1722 Datames
771 1653 827 1720 ubi
845 1652 988 1737 audivit,
1005 1675 1097 1719 arma

61 1760 165 1846 sunit,
179 1782 321 1853 suosque
338 1759 430 1852 sequi
445 1759 564 1851 jubet:
587 1761 655 1854 ipse
676 1783 760 1852 equo
781 1759 944 1828 concitato
964 1757 1006 1825 ad
1021 1757 1096 1825 hos·

60 1866 126 1930 terr
138 1864 273 1933 rebitur.
292 1865 402 1953 Quem
420 1863 536 1959 procul
555 1866 650 1958 Aspis
667 1865 870 1959 conspiciens
883 1863 926 1932 ad
942 1888 976 1933 sc
992 1861 1096 1932 feren·

61 1954 152 2054 Ιεως,
174 1971 391 2065 pertimescit,
411 1983 508 2064 atque
531 1994 550 2037 a
572 1985 692 2039 conatu
714 1969 883 2039 resistendi
903 1968 1097 2050 deterritus,

59 2073 232 2145 *erededit
254 2077 353 2144 Hunc
374 2078 531 2145 Datames
553 2077 700 2144 vinctum
722 2075 764 2144 ad
781 2099 891 2169 regem
909 2073 1097 2141 ducendum

60 2177 152 2249 tladit
167 2166 377 2251 Mithridati⁶.

113 2285 144 2354 V.
172 2290 252 2357 Hac
278 2287 357 2356 dum
388 2302 565 2382 geruntur,
588 2288 784 2357 Artaxerxes
811 2287 1021 2355 reminiscens
1034 2283 1055 2370 ¹,
1077 2309 1096 2352 a

56 2400 172 2475 manto
194 2392 280 2462 bello
314 2393 355 2462 ad
381 2417 479 2486 quarn
505 2417 640 2487 parvam
667 2418 736 2462 rem
764 2393 944 2487 principem
973 2391 1095 2460 ducum

51 2495 198 2584 missen
220 2524 255 2569 se
280 2501 350 2592 ipse
371 2498 603 2593 reprehendit,
625 2513 659 2569 et
681 2500 831 2567 nuntium
854 2497 896 2567 ad
916 2499 1093 2566 exercitum

49 2590 139 2670 Acen
154 2606 257 2692 misit,
279 2604 368 2699 quod
390 2604 536 2673 nondum
552 2606 726 2673 Datamem
741 2604 925 2698 profectum
944 2602 1096 2696 putabat,

44 2809 200 2894 quirbam,
211 2814 408 2868 incursionibus
418 2832 449 2866 ec
462 2812 550 2886 direp-
591 2826 654 2867 tem.
666 2814 718 2866 Hic
730 2826 817 2866 autern
825 2814 940 2867 activum
952 2831 1003 2884 pro
1016 2811 1096 2883 pessi-

43 2885 168 2945 horibea
185 2894 300 2965 pariter
329 2893 481 2958 infestabat,
509 2894 549 2946 uti
592 2911 626 2944 vo
641 2893 758 2964 ponitur.
766 2891 837 2945 Vide
846 2889 1018 2956 Vossium,de
1027 2892 1094 2942 Ana·

41 2969 187 3040 ‘tpinr’ne
204 2972 324 3044 loquitar
346 2973 455 3037 Cicero,
475 2986 501 3025 et
520 2973 548 3024 in
591 2972 738 3043 logia,111,
753 2974 779 3025 3.

39 3047 244 3105 {trabeam
257 3050 450 3123 -Abrior'edoa
466 3054 550 3104 Inter·
631 3056 658 3103 6.
681 3050 826 3103 Missam.
847 3047 1030 3102 Ariobarzanis
1054 3067 1093 3101 sa-

37 3121 361 3202 Q'piebstfflrarlsbatur.
441 3196 443 3200 Ι
591 3142 671 3200 trapa
687 3129 757 3194 lilio,
773 3148 787 3181 ι
801 3147 871 3200 quo,
890 3141 921 3182 ut
935 3127 1004 3180 infra
1018 3125 1091 3180 vide-

94 3207 181 3263 Mtss'
187 3210 356 3280 rapam
369 3211 472 3282 Nempe
477 3229 550 3263 exer·
590 3209 677 3268 bitur,
691 3209 775 3280 capite
785 3209 892 3274 ultimo,
905 3226 953 3280 per
972 3205 1092 3260 fraudem

39 3278 117 3339 fit!
125 3286 248 3343 adversm
262 3290 399 3362 Egyptios
410 3290 549 3343 contrabe-
591 3286 720 3340 occiditur
732 3291 860 3342 Datames.

41 3351 128 3419 ἢν
154 3370 230 3432 Ace,
251 3387 297 3422 seu
326 3368 486 3423 Ptolemaide
521 3369 547 3422 in
631 3368 696 3421 Cra.
721 3369 755 3421 V.
782 3388 806 3421 r.
835 3365 1000 3420 Ilsrr'rr‘rrr‘sceas.
1029 3366 1092 3420 Post

44 3429 548 3518 1'finies,rrruleposresincursione·
591 3448 688 3499 lactum
719 3446 893 3519 perpendens.
907 3447 1091 3517 —Prr'acr'pear

48 3524 84 3571 h
95 3534 129 3575 est
139 3527 166 3579 irr
179 3530 332 3599 Emptam.
347 3527 419 3581 Vide
437 3527 548 3580 Diodor.
591 3527 684 3579 ducum
692 3527 857 3599 Pracipuum
868 3546 900 3580 ex
911 3522 1090 3582 ducibnssuis.

54 3592 251 3666 udin-A
270 3610 359 3676 najore
382 3628 414 3660 re.
435 3610 457 3660 Α
481 3608 549 3658 bello
591 3606 674 3659 -Se
695 3612 744 3676 ipse
767 3607 921 3678 reprehendit.
938 3606 1090 3678 Eleganter,

61 3676 423 3756 Euphqndtmtostudm
432 3688 547 3759 parabat.
592 3698 622 3736 ut
632 3685 698 3738 solet
708 3698 809 3750 noster,
820 3705 869 3758 pro
883 3707 908 3738 se
923 3689 997 3756 psum
1013 3707 1090 3759 repre·

110 3764 130 3820 l·
157 3764 213 3815 Dies
238 3778 368 3838 noctuque.
403 3767 443 3818 lta
469 3766 549 3818 etiarn
592 3763 1017 3820 ladersrrumscilicerdsmoavit
1030 3784 1092 3817 oou·

73 3830 197 3910 Sumus,
216 3862 265 3897 nec
294 3864 348 3899 non
374 3846 426 3897 arri.
453 3846 546 3897 nanus
591 3843 812 3900 sirium.-Aoe„,
827 3845 968 3899 Phoenicis
982 3845 1089 3898 avrea,

78 3909 284 3992 &mamitus
590 3940 648 3990 qure
656 3921 1089 3994 posteaPtolemeisdicta.-Pro·

111 3990 128 4043 l·
139 4000 178 4050 Ad
187 4022 211 4053 se
216 4004 342 4069 fiumen.
358 4001 391 4055 ld
403 4015 454 4069 est,
467 4023 545 4058 ruen-
585 4003 683 4063 ficem,
699 4003 740 4056 sd
754 4001 964 4074 persequendum
975 4000 1074 4068 Aspim.
