2706 4770
150 352 261 402 xxxvl
504 331 842 399 TESTIMONIA

150 465 260 552 Quam
275 488 388 531 curam
400 462 457 530 tihi
475 462 682 557 potissimum
696 461 831 555 injungo
845 485 853 528 ε
868 461 1012 554 primum
1032 461 1109 555 quia
1123 461 1209 531 desi·

149 568 247 637 deriis
260 572 341 638 meis
355 569 548 637 amicissime
560 566 766 661 obsequeris3
784 565 902 635 deinde
914 568 991 660 quia
1010 567 1068 635 tibi
1085 567 1208 636 studio·

150 699 223 742 rum
257 699 385 743 summa
424 677 620 762 reverentia,
651 698 799 742 summus
838 695 931 740 amor
963 672 1208 760 studiosorum

149 794 317 874 postremo
338 780 425 875 quod
440 781 579 874 patriam
598 794 689 848 tuam
707 802 902 872 omnesque,
917 780 973 872 qui
994 803 1116 847 nomeu
1139 781 1208 874 ejus

149 901 329 974 auxerunt,
352 901 389 955 ut
409 888 550 981 patriam
573 887 698 980 ipsam,
721 886 886 953 veneraris
908 898 940 952 et
960 882 1077 978 diligis.

420 1099 541 1171 tuan,
564 1110 640 1156 nra.
660 1111 700 1173 v,
720 1110 839 1156 nrrsr.
862 1109 925 1156 111.

202 1264 278 1332 Scio
300 1288 367 1331 non
388 1264 557 1357 eorrumpi
581 1264 614 1330 in
637 1261 797 1351 deterius,
818 1285 891 1355 quoe
910 1261 1085 1356 aliquando
1108 1262 1208 1330 etiam

149 1368 298 1457 amalis,
319 1369 376 1438 sed
393 1369 532 1438 honesta
553 1392 705 1455 manere,
725 1392 797 1462 quae
820 1369 936 1461 saepius
959 1392 978 1435 a
998 1368 1093 1437 bonis
1113 1367 1205 1437 fiunt

149 1477 241 1543 Inter
254 1500 336 1569 quos
348 1473 401 1543 vel
414 1476 578 1569 praecipue
590 1474 812 1543 numerandus
825 1488 876 1541 est
890 1474 926 1541 P.
941 1472 1115 1569 Virgilius,
1129 1476 1207 1543 Cor

150 1579 254 1649 nelius
272 1582 403 1674 Nepos,
417 1594 450 1648 et
468 1581 559 1673 prius
579 1582 707 1649 Ennius
721 1580 921 1672 Acciusque3
938 1605 1005 1647 non
1021 1580 1155 1673 quidem
1174 1581 1205 1648 hi

150 1700 334 1772 senatores,
356 1685 412 1753 sed
435 1687 588 1754 sanctitas
610 1711 741 1754 morum
761 1709 829 1754 non
849 1685 949 1754 distat
964 1684 1143 1755 ordinibus.

524 1899 563 1964 a,
587 1898 830 1981 cancros

350 2086 415 2131 LIB·
441 2085 488 2131 XV
516 2085 618 2132 NOCT·
648 2084 761 2131 ATTIC·
784 2084 861 2132 GAI’·
882 2086 1008 2133 xxvnr.

205 2259 378 2333 Cornelius
392 2264 504 2355 Nepos
523 2277 557 2331 et
571 2287 681 2331 rerum
701 2264 868 2332 memoriae
890 2288 957 2332 non
976 2263 1164 2358 indiligens,
1178 2281 1210 2335 et

153 2370 200 2436 M.
220 2369 406 2455 Ciceronis,
427 2382 465 2436 ut
482 2370 538 2462 qui
559 2369 717 2453 maxime,
739 2370 863 2438 amicus
885 2368 1115 2464 familiarisque
1139 2371 1210 2441 fuit.

153 2583 196 2671 Q.
218 2581 493 2649 SEPTIMIUS
520 2581 751 2648 FLORENS
776 2582 1209 2668 TERTULLIANUS,

390 2771 455 2817 LIB.
479 2771 507 2817 II
525 2770 573 2816 AD
596 2771 788 2837 NATIONES,
809 2771 887 2819 CAP·
911 2773 972 2818 ΧΗ.

207 2946 306 3012 Extat
323 2939 412 3035 apud
426 2939 549 3009 litteras
571 2953 696 3008 vestras
713 2964 946 3034 usquequaque
973 2942 1106 3010 Saturni
1130 2968 1214 3013 cen·

155 3074 218 3118 sus.
248 3048 402 3142 Legimus
431 3046 517 3140 apud
546 3047 696 3114 Cassium
721 3048 897 3132 Severum,
923 3047 1010 3141 apud
1038 3049 1214 3120 Cornelios

153 3157 317 3247 Nepotem
336 3168 368 3222 et
386 3153 553 3237 Tacitum,
567 3151 654 3247 apud
674 3154 808 3221 Graecos
834 3177 985 3246 quoque,
1003 3154 1214 3243 Diodorum,

160 3311 185 3326 ..
204 3311 211 3325 .
227 3311 233 3325 .
252 3259 372 3350 quique
391 3257 443 3325 alii
461 3260 691 3351 antiquitatum
705 3282 805 3326 canos
818 3256 1029 3352 collegerunt.

379 3481 486 3542 IDEM,
508 3482 546 3526 IN
566 3479 830 3544 APOLOGETICO,
848 3481 924 3528 GAI'·
947 3484 980 3527 Χ.

205 3636 404 3720 Satumum,
425 3649 584 3728 quantum
607 3631 722 3701 litterae
744 3632 883 3722 docent,
910 3659 1017 3728 neque
1041 3635 1213 3707 Diodorus

153 3745 289 3811 Graecus
312 3756 369 3808 aut
389 3738 543 3823 Thallus,
562 3763 668 3832 neque
687 3739 819 3808 Cassius
840 3741 981 3810 Severus
1002 3755 1059 3810 aut
1081 3744 1212 3813 Corne·

149 3847 211 3917 lius
223 3850 353 3940 Nepos,
375 3871 480 3939 neque
501 3842 588 3914 ullus
599 3860 839 3914 commentator
855 3847 1053 3939 ejuscemodi
1066 3851 1211 3945 antiqui·

145 3967 271 4044 tatum,
285 3950 372 4022 aliud
388 3975 486 4045 quarn
501 3951 668 4021 hominem
680 3951 945 4046 promulgarunt.
