2706 4770
232 338 302 404 tu
330 318 656 404 connisum
682 332 945 402 sueorum.
1039 333 1112 429 375

56 471 99 539 qui
112 465 239 536 complures
252 485 326 516 aanor
350 477 380 516 st.
397 464 420 516 d.
435 463 591 534 philosophias
609 463 739 514 habitabat.
761 463 849 516 Altera
867 465 951 534 princ.
975 482 998 516 a.
1023 469 1114 534 1470,

57 547 139 598 Paris.
155 558 182 596 et
193 545 275 615 long.
292 548 333 616 qui
344 564 395 595 cum
403 545 483 614 piures
497 563 571 594 aanor
585 555 615 593 tt.
633 543 657 593 d.
671 544 827 613 piu'losoplu'oe
841 543 972 595 habitabat.
986 541 1038 594 Sed
1051 542 1114 597 edit.

58 626 141 677 Corn.
152 625 215 694 Arg.
231 625 322 676 Lamb.
339 623 437 676 Schott.
454 622 533 674 Boecl.
550 626 591 695 qui
608 623 736 691 cumplures
754 642 828 674 aanor
842 623 921 674 stadio
938 623 1021 674 dtsetus
1034 624 1115 693 pbilo-
1134 652 1137 658 ·

56 705 148 774 sophia
154 704 255 756 Athenis
262 703 396 764 habitabat,
408 701 480 775 quod
487 703 564 754 unice
572 718 664 753 verum
675 721 742 766 esse,
751 702 793 753 vel
802 721 860 773 quae
868 715 1014 772 sequautur
1022 703 1114 768 verba,

57 783 161 834 lubebat
174 787 198 833 iu
213 783 287 835 Italia
300 787 416 853 pretiosas
425 785 592 852 passessiones,
606 779 746 835 declarant.
766 781 893 834 Eamdem
905 783 1042 835 lectionem
1058 782 1113 835 Jac.

57 861 129 914 Frid.
145 862 321 932 Heusingerus
335 864 429 934 probat
442 862 469 914 in
484 862 635 931 Fragraeatis
652 862 726 914 Corn.
743 861 806 931 Nep.
821 861 963 932 Guelplserb.
977 880 1034 932 pag.
1059 867 1112 924 ιι4

57 960 116 1012 sqq.
129 960 229 1012 nosque
241 961 298 995 eam
313 942 341 994 in
357 955 457 994 textum
471 943 606 993 restituere
620 960 673 992 non
688 938 875 992 dubitavimus.
888 942 994 993 Bardili.

99 1085 231 1142 Amicus,
252 1083 334 1143 xlx,
356 1101 383 1151 p.
406 1082 470 1133 281.
499 1081 558 1131 Diri
576 1073 671 1143 [Iulii]
683 1079 743 1148 filii.
769 1079 915 1132 Schottiaui
930 1080 1116 1152 Gilauianique

60 1158 183 1212 codicum
203 1161 342 1212 lectionem
359 1154 434 1222 [Divi
444 1153 513 1227 filii]
529 1159 609 1229 magis
629 1159 723 1224 etiam,
748 1178 825 1230 quam
846 1178 912 1230 quos
925 1159 968 1211 ille
986 1158 1113 1219 laudavit,

58 1239 207 1309 quibusque
217 1241 313 1291 similes
328 1239 456 1310 plurimos
471 1256 552 1308 quum
565 1257 702 1299 nummos,
713 1251 768 1290 tum
784 1236 884 1309 lapides
895 1251 957 1290 vett.
974 1236 1045 1308 apud
1060 1241 1115 1291 An·

58 1318 187 1389 tiquarios
201 1320 294 1382 habes,
319 1318 476 1369 confirmant
491 1317 609 1385 nummi,
631 1319 658 1369 in
676 1319 772 1388 quibus
787 1319 919 1388 Augustus
935 1318 1033 1389 pariter
1055 1335 1114 1370 rata.

58 1414 129 1450 nrvr.
155 1417 178 1448 r.
198 1399 295 1449 omisso
315 1396 417 1448 Caesaris
436 1410 462 1449 et
479 1398 587 1466 Augusti
606 1398 714 1449 nomine
729 1398 937 1468 cognomineque
952 1397 1116 1467 appellatur,

58 1489 89 1529 nt
103 1477 131 1528 in
145 1496 212 1528 aereo
229 1495 287 1529 meo
304 1474 397 1528 medie
410 1475 598 1548 magnitudinis
613 1474 623 1538 (
639 1477 681 1529 cui
694 1477 791 1529 similes
801 1489 827 1528 et
839 1477 947 1529 Erizzus
960 1495 990 1528 ac
1004 1477 1117 1546 Angelo-

58 1574 111 1608 nns
126 1554 285 1621 exhibent),
304 1558 330 1607 in
346 1557 420 1626 cujus
435 1555 542 1608 adversa
556 1557 622 1610 facie
633 1555 688 1609 duo
699 1558 784 1627 capita
799 1554 925 1627 (augusti
940 1568 967 1607 et
981 1556 1117 1626 Agrippa,

57 1648 89 1687 nt
109 1632 218 1697 volunt)
234 1655 294 1686 cum
314 1634 500 1706 inscriptione,
518 1654 597 1706 quam
613 1634 742 1700 diximus3
763 1636 790 1686 iu
808 1654 911 1698 aversa,
933 1653 990 1687 con.
1007 1652 1076 1685 usar.
1091 1647 1118 1686 et

57 1713 209 1767 crocodilus
228 1716 320 1784 palma
335 1715 422 1766 arbori
450 1715 568 1784 alligatus
582 1753 591 1780 ,
612 1733 641 1767 ac
665 1713 769 1767 duobus
788 1715 867 1767 ramis
886 1715 1015 1766 insistens.
1036 1713 1070 1765 Et
1088 1712 1117 1764 iu

57 1794 113 1846 alio
127 1792 197 1862 apud
212 1793 361 1859 Oeconem,
376 1813 403 1865 p.
421 1795 473 1864 73,
487 1796 514 1846 in
526 1812 580 1864 quo
596 1793 686 1847 eadem
702 1794 850 1866 inscriptio,
861 1806 887 1845 et
901 1805 980 1864 caput
993 1792 1117 1863 Augusti,

58 1874 88 1924 iu
104 1892 192 1925 aversa
206 1892 268 1925 vero
282 1887 373 1944 parte:
385 1892 412 1934 o.
428 1892 545 1926 nsrraro.
560 1891 631 1926 trra.
649 1885 697 1926 etc.
710 1873 899 1945 Nempequum
909 1891 1024 1943 eousque
1037 1889 1116 1924 nemo

58 1952 127 2004 alius
143 1953 211 2005 inter
225 1954 307 2004 Divos
324 1953 421 2006 relatus
436 1966 502 2006 esset
521 1948 603 2014 (nam
621 1951 669 2004 Cn.
686 1952 805 2023 Pompeii
825 1952 915 2022 Magni
936 1969 1074 2015 nummus,
1088 1951 1116 2004 iu

59 2051 116 2103 quo
132 2033 258 2102 templum
276 2052 337 2085 cum
352 2033 401 2085 hac
417 2032 609 2103 subscriptione
626 2051 632 2084 ε
649 2049 843 2096 cousrcnsrro,
860 2030 970 2101 legitur,
991 2049 1045 2082 non
1064 2048 1117 2081 una

60 2131 137 2164 causa
154 2111 219 2163 mihi
239 2124 374 2183 suspectus
393 2126 447 2177 est,
469 2124 499 2164 ut
514 2112 576 2164 alibi
590 2107 719 2174 docebo),
733 2109 823 2161 addito
840 2110 901 2161 Iulii
914 2110 1037 2173 nomine,
1064 2127 1118 2179 quo

63 2191 84 2243 is
101 2193 134 2243 ab
156 2192 213 2242 aliis
230 2189 298 2243 divis
317 2190 523 2256 discerneretur,
546 2210 612 2263 opus
635 2209 689 2243 non
713 2202 776 2241 erat.
797 2192 929 2260 Augustus
952 2202 1038 2241 autem
1061 2188 1118 2241 sola

61 2271 214 2341 Imperatoris
232 2271 420 2342 appellatione,
433 2289 491 2343 quaa
510 2270 548 2322 illi
565 2289 638 2342 arque
657 2289 687 2322 ac
704 2269 773 2339 patri
788 2269 805 2320 J
807 2269 861 2321 ulio
878 2270 936 2321 loco
948 2268 1118 2340 prenominis

59 2349 168 2402 decreta
184 2350 283 2416 suerat,
298 2350 439 2422 aliquando
457 2350 648 2421 designabatur.
665 2350 754 2414 Quare
767 2349 812 2400 vix
824 2347 932 2413 dubito,
946 2349 1009 2401 latit
1020 2367 1116 2401 nomeu

60 2429 107 2482 hic
124 2429 325 2500 expungendum
345 2449 407 2483 esse.
428 2431 585 2502 Quanquam
603 2430 711 2482 interim
728 2447 783 2481 uon
798 2426 892 2481 desunt
904 2428 1021 2499 exempla
1035 2446 1118 2498 quum

61 2528 249 2573 nummorum,
265 2523 295 2562 ut
308 2509 378 2582 apud
390 2509 537 2574 Occonem,
549 2530 576 2580 p.
595 2511 641 2578 37,
655 2515 702 2571 da,
718 2514 770 2570 44,
786 2512 836 2570 46,
850 2507 902 2571 50,
918 2519 974 2558 tum
983 2524 1115 2565 saxorum,

63 2587 136 2660 apud
149 2589 307 2654 Gruterum,
324 2610 349 2661 p.
362 2590 413 2653 58,
426 2608 494 2658 1,p.
511 2606 617 2657 177,r,
632 2586 778 2657 p.226,5,
791 2586 984 2653 p.228,6,p.
998 2585 1119 2648 10841,

61 2668 90 2719 in
105 2668 201 2739 quibus
214 2667 284 2721 idem
297 2671 428 2739 Augustus
440 2669 500 2719 Diri
510 2666 572 2716 Iulii
577 2666 609 2717 F.
620 2677 738 2716 vocatur.
759 2660 809 2713 Sed
822 2663 849 2712 in
863 2662 895 2713 iis
908 2663 1006 2730 ubique
1017 2660 1120 2712 Coesart'r

61 2766 161 2800 nomen
177 2749 354 2819 promittitur.
371 2749 486 2817 Apparet
499 2757 585 2796 autem
599 2762 630 2795 ex
644 2743 695 2795 hoc
707 2743 783 2806 loco,
798 2740 925 2810 scripturn
934 2740 1006 2792 hunc
1021 2739 1120 2792 librum

60 2839 141 2893 ante,
153 2846 232 2899 quarn
248 2829 356 2897 Augusti
368 2844 513 2897 cognomen
526 2824 552 2876 ei
567 2821 760 2875 decerneretur.
773 2820 869 2872 Basius.

104 2968 235 3032 Arrrcus,
251 2967 344 3028 xxtl,
357 2984 384 3036 p.
398 2965 461 3026 ²84.
474 2962 514 3014 Ne
527 2961 562 3012 ad
572 2960 613 3021 id,
625 2960 689 3031 quad
698 2971 784 3010 natum
799 2970 902 3027 eagerat,
917 2960 965 3028 ipsa
974 2977 1064 3029 quaqua
1075 2958 1124 3010 tibi

61 3048 211 3097 acceleraret.
230 3047 288 3097 Bos.
307 3044 406 3096 Staver.
420 3042 566 3094 Tzachuck.
583 3041 670 3091 Brem.
690 3039 789 3090 Harles.
808 3057 836 3088 ue
852 3038 887 3088 ad
896 3037 933 3098 id,
954 3057 978 3108 q.
995 3056 1019 3092 u.
1033 3058 1053 3090 a.
1074 3040 1123 3108 ipse

61 3144 156 3200 quaque
170 3127 322 3183 acceleraret,
339 3125 435 3176 omisso
442 3121 599 3193 pronomine
608 3119 662 3170 sibi
675 3117 778 3171 Codicis
784 3117 836 3170 Gu.
850 3117 1051 3188 principumque
1060 3114 1120 3169 edd.

61 3207 203 3258 lectionem
217 3224 276 3256 cum
293 3204 455 3274 Heusingero
471 3200 666 3262 revocavimus,
687 3200 761 3268 cajus
776 3197 832 3248 haec
850 3195 884 3249 ad
900 3197 989 3250 locum
1003 3209 1123 3249 nostrum

64 3287 199 3337 annotatio
207 3299 245 3337 est
256 3303 261 3335 :
271 3285 354 3336 Multa
368 3296 429 3334 suut
438 3282 593 3335 Graecorum
607 3292 633 3332 et
642 3279 796 3331 Latinomm
809 3277 968 3347 scriptorum
977 3276 1050 3335 loca,
1064 3276 1123 3347 qui-

64 3366 115 3415 bus
128 3365 206 3435 hujus
221 3366 322 3434 generis
333 3362 490 3434 pronomina
507 3357 641 3412 abundare
651 3357 790 3416 videntur,
808 3368 835 3408 et
846 3369 933 3409 tamen
945 3357 977 3408 ab
991 3355 1054 3428 ipsis
1063 3374 1124 3412 auc·

64 3445 168 3496 toribus
181 3456 351 3497 accesserunt.
366 3442 511 3512 Exemplis,
522 3457 580 3511 que
592 3439 768 3503 aVechnero,
778 3435 939 3488 Hellenolex.
948 3452 973 3499 r,
986 3455 1015 3500 a,
1029 3453 1085 3508 cap.
1097 3441 1127 3502 6,

64 3542 125 3594 pag.
146 3529 214 3595 176,
229 3536 256 3575 et
268 3541 282 3573 a
295 3541 337 3574 me
349 3520 382 3574 ad
396 3541 457 3574 eum
472 3522 560 3572 locum
572 3519 680 3573 collecta
691 3529 768 3581 suut,
780 3534 863 3568 unum
875 3513 944 3567 addo
959 3515 1076 3580 Horatii,
1096 3534 1126 3582 t,

65 3602 152 3672 Satyr.
170 3611 202 3668 4,
216 3605 250 3665 34
267 3621 273 3654 :
295 3601 419 3654 dammodo
435 3606 505 3652 risum
519 3601 636 3652 Excutiat
646 3600 705 3660 sibi,
719 3617 766 3649 aaa
780 3597 817 3646 tn'c
833 3599 940 3667 cuiquam
950 3608 1034 3665 parret
1041 3598 1124 3647 amico.

66 3683 129 3733 Non
142 3684 199 3735 vult
213 3682 350 3744 Horatius,
366 3694 395 3732 ut
407 3681 453 3732 sibi
464 3683 535 3730 risum
546 3684 663 3737 caratiae,
679 3675 725 3730 sed
738 3689 766 3728 ut
777 3677 844 3736 aliis,
863 3673 1010 3728 oblectandi
1022 3675 1061 3727 sui
1071 3691 1128 3744 gra·

65 3762 112 3813 tia.
129 3761 183 3814 Sibi
193 3763 281 3834 itaque
295 3760 365 3833 apud
378 3759 516 3811 Horatium
528 3757 660 3810 commodi
674 3769 712 3810 est
721 3755 837 3818 dativus,
853 3767 883 3807 ut
895 3754 939 3808 bic
951 3749 1127 3814 incommodi,

64 3842 113 3912 qui
126 3843 223 3914 cuique
239 3841 352 3894 orationi
365 3839 441 3911 adjici
461 3849 554 3910 potest.
574 3835 636 3890 vid.
652 3836 738 3889 Sauct.
751 3836 864 3888 Mincrv.
879 3831 1040 3899 11,4,etad
1054 3829 1129 3881 illum

66 3921 155 3975 locum
176 3923 296 3974 Perizou.
318 3942 346 3974 n.
366 3922 391 3972 5.
416 3920 504 3985 Quare
517 3918 563 3969 sibi
576 3916 706 3968 aceeleiare
720 3917 755 3968 ad
766 3915 859 3987 aliquid
869 3927 922 3978 est,
939 3930 998 3965 cum
1013 3908 1128 3960 maximo

65 4000 137 4053 malo
150 4003 282 4071 exitioque
298 4020 345 4054 suo
357 4000 510 4071 'accelerare
535 3997 580 4049 Aa
594 4014 671 4064 vero,
692 3995 765 4067 quod
778 4005 848 4048 recte
862 3992 955 4044 bosius
968 3985 1127 4050 vindicarit,

848 4058 919 4153 24⁴
