2706 4770
152 328 221 423 198
414 329 680 397 CORNELII
704 327 936 397 NEPOTIS

146 463 256 529 Mutat
280 459 470 541 consilium,
494 474 546 546 et,
573 461 728 553 quoniam
750 457 977 553 imprudentes
998 456 1115 527 adoriri
1131 481 1187 526 non

147 581 276 661 posset,
298 564 400 647 llectit
420 567 481 633 iter
507 590 623 651 suum,
645 579 679 633 et
703 563 793 632 illum
816 564 1004 633 anfractum
1027 561 1185 658 longiorem

147 673 288 765 copiosa
312 672 374 738 viae
393 673 498 764 capit,
512 671 622 765 ibique
643 669 730 739 diem
751 695 856 738 unum
877 671 1072 764 opperitur,
1087 669 1125 738 ad
1138 667 1184 738 las·

147 776 322 846 situdinem
341 776 519 845 sedandam
537 774 694 863 militum,
708 799 748 845 ac
766 775 942 845 reficienda
957 776 1123 870 jumenta,
1137 799 1185 869 quo

146 867 339 977 integriore⁵
352 884 498 950 exercitu
516 882 716 951 decerneret.

199 991 241 1055 X.
259 987 333 1075 Hic?
348 991 514 1057 Eumenes
528 986 683 1056 callidum
703 990 936 1082 imperatorem
949 987 1039 1056 ¹uicit
1055 985 1188 1073 oonsilio,

147 1084 411 1189 celeritatemque
428 1093 600 1188 impedivit
615 1095 704 1188 ejus:
719 1117 825 1186 neque
843 1107 955 1162 tamen
970 1092 1111 1163 mirltum
1128 1117 1189 1187 pro

146 1199 232 1269 lecit.
259 1188 349 1268 Nam
379 1200 501 1267 invidia
522 1198 664 1287 ducum,
688 1224 764 1269 cum
788 1199 907 1293 quibus
927 1197 1032 1287 erat²,
1054 1197 1190 1294 perfidu·

147 1331 212 1400 que
243 1305 385 1375 militum
420 1305 644 1374 Macedonum
677 1319 939 1394 veteranorum,
975 1329 1081 1399 quum
1108 1328 1191 1399 supe·

146 1406 214 1480 rior
228 1411 341 1506 praelio
356 1411 571 1495 discessisset,
584 1413 749 1506 Antigono
770 1424 820 1479 est
837 1409 982 1493 deditus3
993 1435 1098 1505 quum
1116 1434 1190 1479 exer·

148 1518 232 1586 citus
256 1520 286 1586 ei
305 1533 356 1586 ter
369 1531 460 1603 ante,
482 1518 638 1612 separatis
657 1517 881 1612 temporibus,
901 1516 1061 1608 jurasset,
1078 1540 1115 1585 se
1129 1540 1190 1585 erin

149 1623 377 1710 defensurum,
392 1648 454 1691 nec
471 1647 617 1716 unquam
635 1622 850 1692 deserturum.
865 1621 931 1692 Sed
945 1636 1040 1690 tanta
1058 1620 1192 1691 fuitnou

148 1727 314 1797 nullorum
325 1714 337 1753 ³
350 1730 480 1796 virtutis
493 1730 708 1816 obtrectatio,
720 1744 759 1797 ut
778 1728 877 1797 fidem
895 1729 1049 1796 amittere
1060 1725 1191 1813 mallent,

150 1858 248 1928 quam
276 1858 352 1902 eum
377 1858 444 1901 non
470 1834 619 1928 prodere.
642 1837 749 1927 Atque
773 1834 863 1902 hunc
883 1835 1089 1928 Antigonus,
1107 1856 1190 1928 quun

150 1940 179 2008 ei
207 1939 319 2008 fuisset
349 1939 592 2024 infestissimus,
613 1954 855 2025 conservasset,
883 1940 908 2007 si
935 1964 997 2034 per
1024 1965 1102 2010 suos
1124 1951 1192 2008 esset

151 2045 274 2114 licitum
289 2072 299 2133 3
317 2045 408 2140 quod¹
427 2045 470 2114 ab
500 2044 595 2114 nullo·
612 2070 647 2114 se
668 2044 743 2140 plus
764 2044 913 2138 adjuvari
931 2069 1030 2139 posse
1051 2043 1191 2141 intellige·

151 2151 208 2219 bat
228 2155 262 2219 in
284 2151 336 2219 liis
362 2151 478 2237 rebus,
504 2176 586 2245 quas
615 2151 805 2246 impendere
827 2152 896 2244 jam
929 2151 1112 2246 apparebat
1131 2174 1190 2221 on·

151 2256 255 2324 nibus.
287 2257 507 2325 Imminebant
529 2260 619 2325 enim
640 2256 814 2344 Seleucus,
841 2257 1076 2350 Lysimachus,
1098 2254 1192 2327 Ptole·

152 2385 253 2430 moeus
264 2348 288 2446 ⁴,
307 2361 424 2455 opibus
440 2363 509 2454 jam
531 2362 702 2450 valentes,
721 2388 799 2432 cum
823 2363 942 2457 quibus
963 2364 993 2430 ei
1012 2363 1056 2432 de
1076 2362 1191 2433 summis

154 2466 251 2536 rebus
271 2481 342 2537 erat
362 2466 593 2538 dimicandum.
614 2469 681 2539 Sed
699 2494 766 2537 non
782 2470 869 2563 passi
887 2483 965 2539 sunt
983 2468 1039 2557 hi,
1051 2470 1107 2564 qui
1121 2468 1190 2538 ciro·

194 2680 220 2734 5.
240 2681 370 2750 integriore
384 2686 496 2732 amine.
515 2683 602 2734 Milite
616 2700 659 2734 re·
701 2681 952 2750 —Quumexerciteu
960 2685 984 2732 ei
990 2682 1190 2751 ternumjmt·

154 2761 270 2815 collectis
279 2761 379 2814 viribus
388 2761 544 2827 valentiore3
554 2760 657 2832 gallice,
701 2773 745 2813 set.
761 2762 820 2812 imo
834 2757 906 2830 apud
920 2760 1073 2829 Justinmn,
1083 2759 1152 2824 xlv,
1164 2763 1188 2820 lt

154 2861 210 2894 erec
223 2840 267 2892 des
283 2850 374 2911 troupes
382 2841 498 2908 srnr'cdes.
706 2840 827 2905 ‘Quater
838 2840 907 2892 intra
917 2839 992 2891 bunc
1004 2856 1102 2893 annun
1113 2838 1189 2893 itm

191 2920 255 2974 Cir.
262 2921 383 2972 X.1.Hic
390 2918 603 2973 adverbiumdl.
609 2918 658 2972 Sic.
702 2921 782 2972 verba
795 2915 968 2989 jurejurando
980 2918 1100 2973 obruisti
1110 2916 1186 2971 esti·

156 2997 659 3053 -Vr'eiteonsr'lioldemtestaturPlut.
745 2999 770 3052 3.
795 2997 981 3051 Nomium.
1003 2999 1067 3051 Duo
1086 2992 1189 3070 gedud.

198 3079 492 3140 a.1mrffiaducm,cm
505 3078 589 3150 quidus
599 3090 658 3131 emt.
703 3078 743 3130 uti
753 3076 885 3150 passimiu
897 3088 1007 3142 norm,
1017 3094 1130 3148 quom
1139 3072 1189 3129 tl&

156 3156 660 3228 Peucestoe,Antigenis,Teutami,En·
703 3158 814 3210 alterum
825 3156 893 3226 regit
907 3168 933 3209 et
946 3157 1065 3228 regitur,
1078 3151 1189 3229 quodp-

156 3234 246 3299 dami,
259 3236 393 3289 Phudrini
404 3250 430 3288 et
439 3237 559 3289 aliorum.
570 3237 658 3289 Liria.
704 3249 752 3289 test
775 3235 846 3299 fieri,
865 3234 913 3287 ubi
932 3233 1039 3289 diversa
1060 3248 1099 3290 est
1116 3248 1188 3289 m

156 3313 546 3386 -Pefidi'aquemilitquios
553 3314 586 3366 ad
593 3316 661 3368 hanc
703 3315 868 3378 terminatio,
878 3326 904 3366 et
915 3316 975 3367 soni
986 3328 1014 3369 et
1025 3328 1187 3371 tensum

157 3390 294 3463 perfidiam
304 3392 375 3464 apud
384 3394 553 3447 Plutarchum
565 3407 591 3446 et
599 3396 660 3446 Jus·
704 3394 746 3447 Cl'.
762 3394 831 3447 infra
842 3412 901 3464 cap.
917 3394 966 3446 XI.
980 3394 1042 3447 Tar.

157 3471 243 3523 tinum
253 3471 381 3542 impulsos
390 3473 469 3525 luisse
477 3484 661 3537 narretur-,uu
746 3481 771 3537 4.
802 3472 969 3524 Imminebant.
1004 3474 1076 3527 Hira
1104 3464 1188 3525 dimili

158 3566 216 3620 que
228 3551 366 3604 amiserant
379 3552 406 3603 in
420 3552 524 3622 prelio,
537 3552 570 3604 ab
584 3553 661 3604 Anti·
704 3553 801 3617 forma,
815 3570 912 3624 pium,
926 3570 986 3624 qun
1000 3551 1037 3606 de
1049 3553 1126 3606 rebus
1136 3565 1188 3623 prb

156 3646 227 3700 gono
245 3630 450 3701 reciperent—
461 3632 542 3699 (ὶυωιι
556 3637 662 3701 repertor
704 3632 825 3697 miserat,
842 3631 875 3683 ad
892 3632 1016 3686 homines
1037 3642 1145 3686 morit.
1159 3656 1189 3669 ·-

154 3708 242 3779 portio
259 3709 409 3761 dismissa.
423 3710 584 3780 Antigonum
597 3730 660 3763 crin·
704 3711 825 3770 &leuem
843 3712 1011 3781 Lysimachus,
1028 3711 1190 3766 eiusdem

157 3800 197 3841 tra
212 3789 374 3859 superiorem
390 3788 469 3841 luisse
481 3790 661 3842 narratJusti·
705 3791 809 3843 tenebat
831 3786 1190 3862 Bubyloniam,1.ysimd¹⁸

157 3886 216 3921 nus.
229 3866 305 3920 Adde
321 3866 469 3921 Diodorum
482 3881 509 3921 et
527 3870 659 3922 Plutarch.
705 3870 860 3936 Thraciam,
875 3870 1036 3926 Pteleum
1049 3873 1192 3943 AEfflffll·

159 3948 227 4002 Cum
235 3960 424 4001 nostrumnon
437 3948 499 4001 lacit
512 3948 661 4020 Polyaenm.
704 3961 736 4003 ut
743 3948 820 4004 dooet
828 3947 909 4004 Diod.
916 3951 1027 4017 xvm,
1036 3951 1089 4006 det
1098 3946 1191 4020 doh
