2706 4770
514 357 851 427 ALCIBIADES.
1170 356 1217 428 85

145 519 222 563 eum
241 493 453 563 interficiant.
468 491 538 579 Illi,
558 519 661 587 quum
675 520 751 563 eum
774 495 862 565 ferro
881 495 1017 591 aggredi
1031 522 1099 565 non
1115 496 1218 565 aude-

147 616 238 684 rent,
256 615 360 668 noctu
389 599 478 694 ligna
501 599 714 669 contulerunt
739 602 827 670 circa
849 626 959 671 casam
983 627 1077 690 eam,
1097 605 1131 671 in
1153 628 1218 698 qua

148 706 354 800 quiescebat,
371 730 511 799 eamque
524 706 779 792 succenderunt3
790 722 827 775 ut
838 709 990 777 incendio
1000 709 1218 797 conficerent,

151 837 245 905 quem
276 836 378 880 manu
400 814 549 906 superari
571 837 666 906 posse
694 799 921 882 diffidebant⁶.
944 814 1005 883 Ille
1031 830 1161 900 autem,
1180 831 1217 885 ut

154 921 256 987 sonitu
283 918 450 986 flammae⁷
469 932 519 986 est
540 920 716 1007 excitatus,
735 919 824 1013 quod
846 919 973 1014 gladius
994 922 1023 990 ci
1041 936 1112 990 crat
1135 923 1216 991 sub-

158 1023 287 1112 ductus,
305 1022 475 1093 familiaris
489 1025 540 1092 sui
556 1023 707 1093 subalare
717 1024 819 1093 telum
834 1028 962 1121 eripuit.
978 1029 1132 1123 Namque
1146 1045 1219 1097 erat

161 1154 225 1198 cum
246 1156 287 1199 eo
306 1130 441 1224 quidam
459 1155 499 1197 ex
521 1129 660 1199 Arcadia
682 1131 818 1225 hospes,
836 1134 893 1225 qui
913 1157 1082 1226 nunquam
1108 1134 1215 1203 disce-

165 1218 227 1304 dere
246 1222 428 1306 voluerat.⁸
447 1238 546 1304 Hunc
560 1238 651 1329 sequi
671 1261 705 1304 se
723 1238 836 1330 jubet,
854 1252 888 1305 ct
902 1238 952 1323 id,
969 1239 1058 1332 quod
1075 1242 1109 1306 in
1128 1266 1214 1334 prae-

168 1345 250 1410 sentia
274 1344 550 1411 vestimentorum
571 1340 653 1427 fuit,
675 1345 822 1436 arripuit
848 1344 908 1411 His
925 1345 969 1410 in
992 1346 1102 1438 ignem
1126 1346 1219 1436 ejec-'

171 1446 229 1534 tis',
251 1448 394 1517 flammae
419 1449 488 1517 vim
511 1449 648 1516 transiit.
675 1449 786 1537 Quem
807 1463 846 1518 ut
870 1449 1002 1518 barbari
1026 1449 1212 1520 incendium

174 1551 301 1648 effugisse
325 1556 456 1622 eminus
485 1555 663 1640 viderunt,
689 1553 760 1622 telis
790 1555 896 1624 missis
912 1553 935 1578 ¹⁰
956 1556 1215 1643 interfecerunt,

176 1674 312 1753 caputque
327 1662 399 1754 ejus
423 1660 466 1728 ad
488 1659 739 1729 Pharnabazum
770 1659 962 1733 retulerunt.
985 1661 1061 1730 At¹¹
1081 1660 1218 1749 mulier,

125 1848 128 1861 Ι
177 1786 227 1855 quc
242 1790 317 1834 cum
345 1792 385 1835 eo
408 1768 520 1834 vivere
542 1781 733 1854 consuerat,
756 1766 906 1835 muliebri
935 1793 992 1844 sua
1016 1782 1107 1837 veste
1129 1794 1211 1838 con-

125 1878 128 1963 l
179 1880 293 1958 murm,
315 1872 443 1942 aedificii
475 1872 627 1942 incendio
654 1887 823 1942 mortuum
854 1876 1032 1960 cremavit,
1054 1874 1144 1968 quod
1171 1875 1214 1944 ad

179 1975 261 2045 rivum
290 1977 547 2047 interimendum
575 1993 646 2046 erat
667 1994 905 2072 comparatum.
929 1981 984 2048 Sic
1007 1978 1213 2069 Alcibiades,

125 2116 129 2143 ·.
181 2099 254 2152 annos
267 2086 399 2154 circiter
416 2082 664 2177 quadraginta¹²
678 2099 790 2172 natus,
809 2084 896 2152 diem
911 2084 995 2153 obiit
1008 2110 1209 2181 supremum.

206 2298 225 2347 6.
234 2297 307 2366 (im
322 2317 396 2350 manu
412 2300 521 2368 supervi
528 2315 598 2366 posse
611 2297 658 2364 dis-
701 2294 735 2349 de
751 2308 843 2348 natura
860 2295 1029 2361 animalium,
1043 2296 1102 2362 vl,
1118 2315 1166 2366 ¹9·
1182 2296 1210 2348 in

177 2368 263 2434 sirint.
279 2378 371 2441 Nam,
388 2390 418 2429 ut
439 2376 596 2428 Plutarchus
615 2395 657 2428 re·
701 2376 822 2446 Elapho,
840 2376 908 2428 Asin
922 2389 1031 2441 monte,
1054 2395 1116 2428 eum
1131 2395 1211 2429 occu·

180 2449 349 2517 balcham
360 2475 409 2509 suo
422 2468 565 2527 conspectu
580 2453 657 2507 dissi·
702 2455 788 2509 buiue
808 2469 945 2508 memorat.
964 2487 1004 2500 -
1021 2455 1146 2527 Caputque
1160 2458 1210 2524 ejus

179 2531 247 2599 Pht,
261 2555 349 2608 neque
363 2537 504 2608 qnisquam
523 2535 658 2606 prestola-
702 2536 737 2586 ad
743 2536 930 2586 Pharnabazum
943 2534 1081 2588 retulerunt.
1090 2536 1129 2586 Ita
1139 2531 1210 2605 apud

178 2606 231 2665 laur
244 2634 320 2681 eum,
334 2615 377 2668 vel
393 2615 514 2668 cominus
531 2612 657 2685 congredi
701 2614 866 2679 Sallustium,
876 2615 892 2665 J
895 2633 937 2685 ug.
947 2615 1008 2666 xli:
1021 2613 1159 2665 -Numidae
1170 2631 1211 2665 ca-

177 2689 268 2748 alebar.
281 2695 389 2748 Rosius.
701 2707 749 2765 put
755 2693 913 2765 Hiempsalis
925 2690 959 2745 ad
971 2694 988 2744 J
989 2693 1130 2763 ugurtham
1141 2693 1209 2744 rele-

201 2789 223 2838 7.
239 2774 321 2827 Sonitu
334 2776 454 2846 flatum.
471 2773 597 2844 Strepitu.
616 2774 655 2824 lta
700 2769 1062 2826 runt-Etenimincudibua
1072 2772 1209 2844 injunctis,

173 2845 657 2925 cmvl,17:sombamincendiosi1-
700 2853 786 2925 capita
808 2853 1007 2914 referebantur,
1029 2851 1133 2903 sceleris
1152 2870 1209 2903 mo·

172 2933 363 2987 u-Snbatan
372 2933 452 2986 ubam.
462 2932 548 2985 Sioam
555 2951 601 2985 seu
610 2951 659 3003 pu·
700 2925 857 2986 numentuin
873 2942 900 2984 et
914 2929 996 2995 fides;
1007 2928 1150 3001 aliquando
1159 2969 1166 2995 ,
1176 2929 1211 2983 ad

170 3007 316 3078 durmin
330 3012 523 3084 dictum‚quia
532 3015 590 3085 ejus
600 3023 656 3064 erat
700 3012 810 3082 gratiam
840 3010 1012 3082 premiumve
1048 3028 1209 3081 consequen·

170 3084 295 3158 beritatis,
309 3105 340 3146 nt
348 3093 393 3145 sub
402 3092 448 3144 alis
457 3093 550 3163 gestari
559 3104 655 3164 posset.
700 3089 774 3153 dum,
795 3089 867 3149 Vide
884 3089 1007 3142 Curtium
1027 3107 1057 3142 ac
1072 3089 1213 3155 Taciturn,

196 3172 218 3224 8.
226 3173 275 3242 Qui
280 3191 402 3246 nunquam
412 3172 529 3224 disteden
540 3173 653 3224 veheret.
699 3169 806 3242 passim,
814 3182 840 3221 et
854 3169 945 3239 plures
956 3168 1028 3225 alios.

171 3241 220 3302 binc
230 3253 378 3318 familiaris,
397 3252 443 3323 qui
462 3270 521 3304 cum
538 3269 570 3302 eo
584 3262 655 3315 erat,
743 3268 787 3303 rr.
800 3249 839 3300 Ae
854 3248 945 3303 mulier.
961 3247 1036 3303 Hauc
1051 3249 1208 3303 Plutarchus

170 3326 361 3404 wiapmteipai
374 3331 517 3386 serviebat.
531 3348 587 3382 non
601 3348 656 3383 ser·
699 3326 871 3382 Timandram
894 3339 987 3393 vocat,
1003 3341 1029 3380 et
1048 3326 1137 3380 Laidis
1155 3330 1208 3401 Co·

170 3406 312 3465 uadicirur.
698 3409 805 3462 rinthiae
814 3421 925 3461 matrem
936 3408 1016 3460 fuisse
1026 3408 1114 3461 relect.
1122 3408 1210 3463 Theo·

197 3504 219 3554 9.
236 3491 284 3543 Ha
296 3495 321 3542 in
335 3494 413 3559 ignem
428 3493 516 3559 ejectis.
532 3490 654 3553 Quorum
699 3487 788 3542 dotam
801 3500 896 3542 vocant
910 3487 963 3542 alii.
975 3518 1016 3531 -
1026 3487 1149 3541 Mortuum
1160 3510 1211 3542 crt-

172 3565 264 3631 Pmtlere
279 3569 392 3622 flammat
407 3568 462 3620 vim
477 3569 609 3635 obrueret.
698 3573 778 3620 mavit.
801 3570 878 3621 More
901 3568 1075 3632 (truncorum,
1096 3566 1130 3621 de
1154 3589 1208 3640 quo

200 3663 236 3700 ιο.
248 3649 311 3701 Telis
320 3652 398 3700 missis
406 3645 652 3714 interfeceruntvid.
698 3648 836 3710 Kirrhm.‚
851 3647 885 3700 de
901 3647 998 3700 Funer.
1013 3648 1090 3719 llum.
1102 3649 1130 3712 l,
1145 3669 1171 3717 a,
1182 3660 1208 3702 et

172 3717 278 3781 Plutarch.
288 3741 315 3781 et
330 3726 442 3780 Diodor.
454 3728 574 3781 Iustinus
590 3746 653 3778 vero
697 3727 747 3780 Lil.
770 3726 883 3792 Girald.‚
900 3725 934 3780 de
950 3727 1024 3780 vario
1039 3727 1119 3799 sepel.
1135 3728 1207 3794 ritu,
1297 3730 1304 3742 ⁸

172 3804 304 3861 tormini
324 3808 418 3860 rivum
439 3806 603 3861 Alcibiadem
625 3807 652 3859 in
697 3825 753 3878 cap.
768 3808 922 3870 XXI,cum
936 3807 1006 3859 notis
1020 3806 1037 3859 J
1040 3847 1046 3858 .
1064 3807 1137 3860 Paos.

172 3881 284 3955 ωῙδὶωΙο,
298 3889 327 3941 in
343 3906 397 3959 quo
411 3886 578 3953 dormiebat,
594 3905 651 3940 cre·
741 3906 785 3940 ια.
795 3889 880 3940 Annos
893 3891 987 3939 circiter
997 3886 1157 3958 quadringinta
1166 3904 1209 3936 na-

173 3972 247 4019 uum
270 3968 353 4021 aiunt
381 3968 533 4022 Aristotelea
560 3980 651 4021 contra
697 3967 952 4039 tus.Alii,quinqne
965 3979 991 4018 et
1004 3963 1185 4036 quadraginta.
1258 4023 1259 4026 Ἴ

977 4056 1021 4139 61
