2768 5198
339 13 1283 375 n

847 419 856 428 ι

169 788 213 860 52
436 787 701 859 CORNELII
727 784 957 857 NEPOTIS

164 919 357 1015 implicitum
379 920 477 987 rebus
495 918 713 1004 sublevasset,
732 943 853 1013 magno
873 943 942 989 esse
966 921 1001 989 ei
1019 921 1155 1013 premio
1172 921 1225 990 fu·

162 1044 315 1097 turum.»

214 1136 254 1200 V.
280 1132 340 1200 His
367 1131 464 1200 rebus
490 1131 606 1224 ephori
634 1132 796 1225 cognitis,
819 1132 919 1200 satius
945 1145 1166 1226 putaverunt,
1188 1133 1224 1200 in

160 1238 243 1307 urbe
268 1262 344 1306 cum
366 1237 611 1332 comprehendi.
641 1238 719 1326 Quo
744 1261 847 1331 quum
873 1252 983 1306 essent
1003 1236 1165 1331 profecti,
1186 1253 1232 1327 et.

160 1346 358 1431 Pausanias,
382 1343 512 1438 placato
539 1341 680 1437 Argilio,
699 1357 736 1411 ut
762 1343 919 1437 putabat,
949 1342 1222 1415 Lacedaemonem

160 1464 400 1536 reverteretur3
420 1451 454 1517 in
466 1451 597 1534 itinere,
615 1473 718 1542 quum
730 1449 799 1541 jam
815 1450 850 1516 in
867 1474 907 1517 eo
928 1463 1031 1533 esset,
1049 1448 1106 1518 ut¹
1123 1474 1223 1520 com·

159 1556 434 1651 prehenderetur,
452 1552 578 1623 evultu
593 1554 764 1648 cujusdam
784 1555 915 1649 ephori,
934 1556 1083 1649 quicum
1104 1555 1229 1626 admo·-

159 1687 239 1731 nere
258 1662 436 1756 cupiebat,
453 1661 584 1730 insidias
606 1662 668 1729 sibi
688 1659 759 1729 fieri
777 1659 943 1729 intellexit.
965 1662 1083 1755 Itaque
1106 1664 1222 1755 paucis

161 1783 237 1836 ante
254 1767 425 1863 gradibus,
437 1791 536 1860 quam
551 1768 607 1859 qui
618 1766 857 1861 sequebantur,
871 1768 904 1834 in
919 1765 1023 1836 aedern
1043 1768 1222 1858 Minervae,

161 1900 234 1968 quae
247 1873 453 1944 Chalcioecos
468 1871 637 1957 vocatur²,
655 1871 815 1966 confugit.
834 1873 920 1941 Hinc
935 1897 977 1940 ne
991 1875 1080 1941 exire
1091 1889 1222 1968 posset,

162 1983 270 2049 statim
294 1981 409 2074 ephori
432 1978 545 2047 valvas
564 1979 635 2070 ejus
652 1976 730 2047 ardis
744 1978 981 2048 obstruxerunt
989 1964 1013 2057 ³,
1031 1969 1222 2075 tectumque

161 2100 239 2155 sunt
256 2083 418 2170 demoliti,
435 2110 502 2178 quo
524 2084 649 2154 facilius
668 2083 821 2154 subdivo
842 2086 999 2153 interiret.
1019 2086 1166 2173 Dicitur,
1181 2111 1221 2156 eo

161 2206 311 2286 ternpore
328 2204 469 2258 matrem
492 2192 659 2260 Pausaniae
683 2192 824 2276 vixisse,
852 2215 924 2260 eam
971 2192 1074 2285 ejam
1087 2194 1221 2288 'magno

162 2304 454 2391 natu,'p0stquam
477 2295 518 2363 de.
541 2294 664 2365 scelere
681 2296 739 2364 filii
761 2299 923 2390 comperit
947 2350 957 2383 ,
979 2298 1161 2391 inprimis,
1180 2299 1224 2368 ad

164 2403 268 2472 filium
288 2402 526 2490 claudendum,
546 2401 687 2496 lapidem
710 2403 751 2471 ad
773 2404 943 2471 introitum
966 2401 1043 2471 aedis
1065 2403 1223 2474 attulisse.

166 2512 219 2580 Sic
241 2511 418 2579 Pausanias
435 2533 590 2605 magnam
608 2507 684 2576 belli
702 2507 839 2602 gloriam
859 2510 948 2603 turpi
966 2495 1091 2577 morte⁵
1110 2534 1225 2580 macu-

166 2699 271 2745 Terent.
292 2690 405 2762 Adelph.
415 2693 451 2756 V,
466 2695 500 2756 8,
518 2710 568 2760 ¹93
586 2691 672 2744 Plaut.
716 2709 791 2744 mum
807 2691 895 2764 Nepos
917 2693 1051 2764 sequitur,
1068 2690 1104 2744 ait
1118 2693 1145 2745 τὸ
1159 2694 1223 2763 ἶιρὸν

168 2768 290 2824 Baccbid.
304 2771 394 2835 111,o,
409 2770 518 2843 3;Suet.
532 2771 559 2822 in
568 2771 629 2823 Tib.
638 2771 672 2823 Χ.
718 2777 761 2832 τῆς
774 2772 928 2825 Χαλκιοίκου.
938 2768 1017 2824 Unde
1029 2768 1063 2824 sd
1073 2770 1225 2826 Minervam

208 2851 317 2903 Cunv.
329 2868 353 2901 1.
369 2849 448 2918 Quam
454 2844 507 2919 jam
521 2853 546 2900 in
557 2869 585 2900 eo
596 2862 670 2911 esset,
717 2850 817 2903 referre
832 2851 930 2903 malim
945 2851 986 2903 Ita
996 2848 1176 2918 Diodotus,c.
1192 2853 1212 2905 I.

170 2945 210 2993 aa,
222 2943 270 2982 etc.
279 2929 339 2994 Qua
346 2927 480 2982 locutione
488 2928 618 3000 imprimis
629 2927 675 2981 de·
761 2930 785 2983 3.
794 2931 890 3002 Ephori
896 2930 979 2982 valvas
989 2933 1039 3000 q'as
1050 2931 1225 2985 oteramo

171 3012 281 3063 lectatur
292 3021 390 3061 noster.
400 3006 623 3074 Miltiad.VII‚sc
632 3027 676 3061 sae·
718 3009 780 3062 Non
795 3010 926 3081 ephoros,
938 3021 1041 3080 patrem
1055 3029 1119 3063 vero
1137 3010 1226 3082 ipsum

171 3087 448 3163 pissime—Enulta
456 3085 578 3158 cujusdam
586 3088 675 3158 arbori.
719 3089 869 3154 Pausanias,
892 3108 934 3142 eas
953 3090 1114 3143 obstruxisse
1134 3104 1227 3145 narrat

173 3173 246 3222 Duos
274 3169 319 3221 bic
345 3167 458 3237 ephoros
490 3182 677 3219 commemorat
719 3168 883 3221 Plutarchus.
893 3169 952 3233 Qua
961 3180 1048 3221 tamen
1058 3169 1086 3221 in
1099 3188 1226 3225 reerrare

172 3246 357 3320 Thucydides,
375 3265 490 3318 quorum
507 3247 573 3298 alter
587 3246 677 3312 vultu,
719 3246 846 3303 videtur:
865 3245 893 3299 id
912 3248 982 3300 enim
1000 3246 1033 3300 de
1051 3261 1134 3301 matre
1151 3251 1227 3322 ejus,

173 3330 239 3383 alter
260 3340 335 3380 motu
359 3323 521 3378 clandestino
543 3326 677 3379 innuebat.
720 3327 763 3380 cui
777 3346 875 3379 nomen
890 3328 930 3380 vel
942 3327 1081 3392 Alcathea,
1091 3329 1149 3394 vel,
1163 3342 1229 3384 teste

174 3439 215 3453 --
232 3409 311 3479 Quam
328 3409 369 3479 qui
386 3405 548 3479 sequebantur.
566 3405 678 3477 Compre·
721 3406 862 3477 Polyaeno,
876 3407 984 3458 Theano
1008 3419 1080 3470 erat,
1099 3407 1228 3462 nuditum

176 3487 319 3558 henderent,
336 3499 382 3538 aut
399 3486 511 3538 similem
531 3485 607 3538 aliam
631 3505 678 3538 vo·
721 3487 809 3558 plmes
821 3499 937 3560 narrant.
950 3485 1054 3539 -Sab
1066 3485 1128 3540 diro.
1146 3490 1229 3560 Aper·

176 3586 233 3620 oem
253 3563 427 3639 supplendam
448 3565 611 3619 existimabat
625 3566 680 3618 Bu·
722 3571 751 3618 to
765 3566 838 3618 coelo.

176 3665 275 3699 cursa.
289 3646 373 3706 Ibant,
382 3646 515 3715 pergebant
523 3645 612 3698 mallet
620 3646 680 3697 Ros.
763 3651 790 3708 4.
811 3645 984 3717 Postquamde
997 3647 1083 3698 scelere
1090 3644 1144 3715 filii
1164 3667 1228 3700 conr·

177 3725 286 3777 Frustra
302 3743 308 3777 :
326 3742 387 3776 nam
409 3723 505 3777 sufficit
525 3736 681 3797 praeterque
719 3729 792 3793 perit.
804 3724 847 3778 Sic
859 3723 930 3796 apud
943 3724 1004 3777 Sall.
1016 3726 1032 3777 J
1034 3744 1077 3796 ug.
1088 3725 1208 3779 LXVIII
1221 3745 1228 3778 ε

176 3803 280 3874 vulgata
295 3803 381 3856 lectio.
727 3829 738 3850 ιι
749 3803 861 3862 Metell.,
870 3818 1010 3877 postquam
1017 3802 1051 3858 de
1063 3805 1142 3858 rebus
1149 3806 1229 3878 Vaga

220 3902 246 3935 a.
262 3883 292 3934 In
309 3882 383 3934 odem
394 3881 523 3943 Minerva,
541 3902 594 3954 qaoe
609 3881 683 3935 Chal·
724 3882 786 3934 actis
795 3885 986 3959 comperit-Et
995 3881 1029 3937 de
1038 3885 1128 3957 reipsa
1137 3886 1230 3938 confer

66 4013 76 4023 ,
177 3965 260 4013 ciaecos
279 3974 389 4014 vocatum
407 3961 440 4013 Iu
454 3978 548 4032 quam,
564 3960 635 4014 velut
648 3960 682 4015 ad
724 3965 898 4034 patrem,qui
913 3963 1014 4028 filium,
1032 3963 1152 4018 Catilinas
1164 3983 1229 4017 oon-

179 4035 296 4112 asylum,
308 4042 354 4112 qui
367 4040 553 4111 confugerant,
566 4040 682 4111 impuni-
724 4040 806 4094 scium
815 4079 824 4103 ,
830 4044 1020 4114 jurepaterno,
1029 4041 1231 4098 damnatnecat·

178 4134 230 4175 tate
263 4117 438 4173 donabantur.
465 4118 609 4173 chantem
637 4120 682 4173 alii
724 4138 784 4192 que.
798 4121 859 4175 Sall.
875 4124 932 4176 Cat.
946 4122 1165 4176 xxm-ln
1176 4127 1230 4194 pri·

180 4199 213 4254 etl
227 4197 325 4265 (edem,
340 4212 370 4252 ut
384 4199 412 4250 in
424 4197 476 4250 Tit.
492 4196 550 4250 Liv.
564 4197 682 4266 XXXV,
725 4204 777 4253 mis.
788 4201 840 4254 llic
850 4203 971 4274 proprie3
980 4221 1041 4255 uam
1052 4203 1174 4274 exemplo
1185 4202 1230 4256 illa

180 4281 239 4346 363
258 4278 303 4332 alii
323 4277 356 4331 ad
380 4277 526 4330 Minervam
554 4276 681 4332 referunt.
723 4279 996 4352 preivit,Diodorus,
1010 4282 1120 4346 Xl,65.
1135 4283 1205 4336 Tzs.

178 4356 349 4432 Thucydides
373 4375 458 4421 vero,
480 4375 559 4427 quem
577 4358 681 4429 potissi·
767 4359 792 4413 5.
820 4361 896 4432 Turpi
925 4373 1004 4413 morte.
1038 4362 1117 4415 Fame
1152 4363 1231 4434 periit
