2706 4770
335 375 448 444 curu
475 373 617 442 esur.
651 373 1007 443 contristato.
1127 376 1201 472 379

143 504 280 575 amplexus
296 514 349 569 est;
366 517 395 556 ut
409 504 542 574 aegerrime
556 503 662 556 deliniri
677 505 774 575 possit,
790 522 856 574 quos
870 505 940 556 inter
951 505 1091 576 scriptores
1104 509 1138 558 sit
1149 526 1201 578 po-

144 585 276 637 tissimum
289 582 507 636 annumerandus.
524 582 606 635 Modo
622 584 693 635 enim
708 584 826 636 sublimis
841 585 966 655 exsurgit,
983 584 1062 636 modo
1075 586 1202 640 humilior

144 667 231 733 jacct;
247 682 328 733 quum
349 664 473 734 pleraque
488 664 515 714 in
531 681 563 714 eo
576 663 654 734 plana
667 675 693 714 et
710 676 797 733 aperta
811 664 878 727 sint,
893 665 1033 734 saepissime
1049 677 1134 717 tamen
1148 663 1200 716 dit-

146 742 229 794 ficiles
240 754 383 794 occurrunt
393 743 526 795 sententiae
536 781 543 802 ,
554 741 713 794 obscurioris
726 742 859 794 interdum
868 755 894 794 et
904 743 1087 797 inextricabilis
1097 763 1199 809 seusus;

146 821 230 873 multa
251 822 449 892 Xenophonteo
468 822 549 874 aetatis
568 832 746 885 venustatem,
761 822 843 873 multa
863 822 912 873 alia
932 823 1079 894 sequiorem
1100 835 1126 875 et
1140 841 1199 875 vcr-

147 913 251 970 gentem
265 902 421 972 graecitatem
434 900 562 952 redolent.
575 901 624 952 llla
638 919 743 971 quoque
756 901 827 952 varia
842 912 868 952 et
882 919 965 971 prope
980 902 1081 954 infinita
1097 902 1212 970 Plutar-¹

147 980 193 1031 chi
207 978 323 1032 doctrina
336 979 526 1051 impedimento
537 979 601 1044 fuit,
613 998 647 1032 ne
659 997 725 1050 pura
738 980 847 1033 omnino
861 992 887 1032 et
899 979 1011 1050 simplici
1026 982 1200 1034 concinnitate

148 1061 232 1111 orado
250 1062 304 1130 ejus
319 1061 465 1112 excelleret.
480 1060 569 1123 Quum
585 1058 654 1111 enim
670 1058 809 1110 maximam
824 1059 987 1111 voluminum
1004 1059 1202 1113 multitudinem

148 1139 299 1198 evolvisset,
315 1158 344 1192 ea
356 1140 444 1190 omnia
459 1137 536 1190 rudis
550 1155 617 1208 saepe
630 1138 757 1190 elementa
771 1137 808 1189 ita
822 1138 892 1190 inter
904 1156 932 1190 se
944 1138 1071 1202 contulit,
1087 1152 1117 1191 ut
1129 1158 1201 1193 nunc

148 1217 284 1270 rhetorum
300 1233 386 1270 motus
402 1231 428 1269 et
441 1218 550 1269 allectus
563 1215 698 1282 adhibeat,
716 1235 788 1269 nunc
804 1235 894 1286 graves
909 1217 1126 1288 pbilosophorum
1143 1237 1202 1287 sen·

149 1297 256 1362 tenths,
270 1310 296 1349 et
315 1297 459 1368 pracsertim
472 1297 587 1367 ubique,
601 1309 663 1367 post
683 1296 791 1348 minima
807 1295 959 1361 intervalla,
975 1296 1092 1361 invenias
1111 1297 1205 1367 dr'sjeeti

149 1378 248 1428 nemim
258 1389 343 1446 poetae.

186 1455 214 1507 si
230 1457 272 1508 cui
284 1475 347 1507 vero
360 1474 414 1508 non
426 1456 535 1507 omnino
550 1469 670 1527 apertum
681 1456 814 1520 videatur,
828 1457 923 1527 quibus
937 1455 971 1508 dc
984 1457 1067 1509 causis
1078 1457 1202 1507 intortam

148 1547 177 1586 et
184 1535 324 1587 obscuram
340 1533 483 1587 dictionem
500 1535 641 1589 Plutarcho
661 1537 727 1589 vitio
742 1537 882 1602 verterim,
897 1536 918 1587 is
937 1536 1005 1607 legat
1024 1533 1103 1586 modo
1119 1535 1203 1605 prima

149 1615 277 1665 Plus-ionis
296 1615 356 1665 vitae
377 1615 478 1684 capita,
499 1627 529 1665 ut
546 1616 633 1668 statim
655 1628 747 1668 notum
768 1616 878 1679 babeat,
893 1612 957 1685 quid
977 1615 1142 1685 intelligam:
1159 1613 1203 1666 bic

149 1695 220 1744 enim
239 1707 336 1745 rectam
352 1712 412 1746 sane
427 1695 581 1747 sententiam
600 1695 713 1766 scriptor
731 1696 844 1765 profert,
863 1692 987 1765 quasdam
1007 1694 1134 1746 nimirum
1149 1711 1204 1746 esse

149 1774 283 1824 evitatum
304 1771 480 1834 conditiones,
499 1773 527 1824 in
548 1773 644 1844 quibus
662 1792 765 1827 necesse
785 1776 837 1838 sit,
852 1786 882 1825 ut
902 1773 1052 1845 reipublicae
1071 1772 1204 1844 principes

150 1852 290 1903 inserviant
308 1853 486 1923 temporibus,
507 1866 533 1905 et
552 1871 606 1905 sese
627 1853 765 1905 hominurn
785 1852 973 1923 cupiditatibus
988 1849 1203 1916 accommodent;

151 1930 192 1984 ssd
204 1929 269 1982 dum
280 1930 307 1982 id
320 1931 443 1983 omnibus
456 1931 541 1983 modis
551 1932 708 1984 confirmare
719 1933 830 1995 nititur,
841 1931 1077 2002 similitudinesque
1088 1930 1205 1999 congerit

154 2009 230 2062 nodo
245 2030 276 2062 ex
289 2012 414 2071 historia,
429 2009 512 2062 modo
526 2030 559 2063 ex
574 2013 671 2082 poetis,
684 2009 764 2064 modo
779 2029 811 2063 cx
823 2011 995 2082 physicorum
1009 2009 1205 2062 matbematico-

153 2107 260 2160 nmque
270 2092 407 2162 praeceptis
417 2087 601 2162 depromptas,
613 2109 668 2143 rem
680 2092 816 2152 obscurat,
835 2107 914 2160 quam
925 2090 1055 2141 illustrem
1065 2088 1206 2159 potuisset,

154 2169 178 2220 si
190 2169 313 2222 adstusset
336 2168 439 2221 modus.
459 2169 494 2223 Et
513 2168 620 2240 quidem
641 2189 731 2241 graves
751 2171 907 2242 plerumque
926 2169 1066 2220 sententias
1087 2181 1114 2220 et
1133 2180 1207 2220 acute

154 2250 260 2320 cegitata
276 2251 342 2301 inter
355 2246 516 2300 narrandum
530 2249 622 2302 inserit
637 2250 756 2320 egregius
770 2249 815 2301 ille
830 2267 935 2301 morum
949 2267 978 2300 ac
993 2249 1054 2301 vitsa
1069 2248 1206 2319 magister3

156 2327 194 2380 sel
211 2329 282 2380 inani
296 2329 438 2381 verborum
454 2329 556 2380 luxurie
576 2328 694 2392 laborat,
709 2329 840 2399 longiores
854 2341 880 2380 et
895 2326 1028 2380 interdum
1047 2328 1149 2398 longius
1165 2345 1207 2379 ar·

156 2409 253 2459 essitas
269 2405 452 2461 similitudmes
473 2420 626 2473 coacervat3
646 2426 695 2461 nec
711 2406 805 2460 desunt
828 2407 924 2470 etiam,
939 2408 966 2459 in
979 2409 1075 2479 quibus
1095 2424 1206 2478 pravum

156 2487 231 2539 eatis
250 2506 302 2538 sue
316 2485 444 2557 judicium
460 2485 558 2556 prodit.
574 2488 656 2551 Nam,
672 2487 821 2558 ingeniosus
833 2486 895 2538 licet
909 2487 964 2556 ipse
977 2487 1097 2549 criticus,
1113 2484 1205 2538 iisdem

157 2579 237 2619 tanen
248 2567 318 2619 vitiis
327 2584 516 2636 nonnunquam
531 2567 603 2635 argui
617 2578 717 2637 potest,
726 2565 821 2636 quibus
832 2577 931 2617 ceteros
944 2566 1039 2633 arguit.
1051 2563 1207 2632 Exemplum

157 2645 245 2698 allerre
265 2645 330 2697 mibi
349 2646 424 2697 liceat
441 2664 472 2696 eo
491 2644 573 2713 magis
589 2643 734 2697 notandum
745 2682 753 2706 ‚
766 2641 838 2714 quod
854 2644 882 2694 in
897 2639 1003 2705 eadem,
1019 2661 1098 2713 quam
1114 2643 1208 2694 merito

158 2724 319 2794 rqrehendit
331 2724 500 2787 Plutarchus,
514 2723 658 2788 sententia,
678 2723 798 2785 Tullius,
810 2722 852 2773 vir
867 2721 950 2772 multo
965 2719 1122 2773 delicatioris
1138 2717 1208 2790 judi·

157 2802 201 2868 cii,
215 2824 334 2875 magnam
346 2823 401 2856 esse
416 2806 595 2854 concinnitatem
608 2801 757 2855 existimet:
770 2800 816 2853 sed
829 2801 888 2865 hic,
901 2800 985 2872 eulpae
999 2798 1136 2863 laudator,
1152 2798 1208 2852 cul·

158 2901 211 2954 pan
235 2885 317 2955 iugit;
338 2884 398 2946 ille,
418 2885 463 2953 qni
483 2880 551 2933 vidit
569 2881 676 2934 meliora
690 2881 878 2953 probavitque,
896 2878 1026 2932 deteriora
1043 2892 1146 2932 secutus
1161 2890 1208 2931 est.

159 2961 274 3031 Hegesias
285 2963 432 3033 Magnesius
445 2958 499 3022 (alii
511 2961 639 3012 Timarum
652 2956 819 3032 perhibent),
831 2978 914 3031 quum
926 2960 954 3010 in
966 2959 1076 3012 historia
1088 2956 1209 3023 dixisset,

159 3059 207 3110 qut
215 3056 292 3096 nocte
301 3055 377 3094 natus
388 3038 535 3093 Alexander
545 3052 625 3102 esset,
641 3038 733 3092 eadem
748 3039 838 3091 Dianae
851 3038 970 3108 Ephesia
986 3039 1112 3108 templum
1127 3036 1208 3090 defla-

159 3123 281 3191 grrissc3
297 3120 429 3189 adjunxit,
446 3123 538 3171 minime
556 3121 584 3170 id
599 3139 647 3170 esse
662 3119 806 3178 mirandum,
823 3119 888 3188 quod
903 3119 998 3178 Diana,
1016 3134 1085 3190 quum
1102 3122 1125 3168 in
1135 3130 1210 3188 partu

163 3201 305 3272 Olmpiadis
317 3200 397 3252 adesse
411 3199 537 3260 sciuisset,
550 3199 664 3266 adfuisset
675 3199 752 3250 domo.
768 3199 808 3250 De
823 3198 883 3250 Nat.
897 3195 970 3249 deor.
984 3198 1027 3261 ll,
1043 3215 1088 3266 ²7·
1109 3221 1120 3243 ι
1135 3195 1209 3249 Adeo

165 3305 178 3326 ι
189 3279 274 3352 frgida
290 3293 364 3344 sunt,
378 3279 465 3349 inquit
480 3281 548 3333 Plut.
562 3279 591 3331 in
604 3278 759 3338 Alexandro,
773 3275 829 3329 haec
842 3277 957 3347 Hegesia
971 3278 1066 3341 rerba,
1078 3287 1108 3328 ut
1122 3276 1209 3348 ipsum

165 3359 328 3413 «incendium
341 3359 492 3428 extinguere
504 3359 658 3430 potuissent.
672 3383 684 3404 ι
702 3355 899 3421 Deridendum,
915 3356 1038 3420 hercule,
1052 3354 1209 3409 derisorem!

161 3438 227 3490 Uter
238 3441 308 3492 enim
329 3437 465 3509 frigidior,
479 3438 635 3508 llegesiame
648 3437 683 3490 de
696 3437 797 3502 Diana,
811 3455 843 3487 an
858 3434 892 3489 de
907 3435 1016 3506 Hegesia
1031 3435 1212 3489 Plutarchus?

202 3518 230 3569 E
247 3520 303 3571 laus
318 3517 415 3589 Nepoti
435 3516 591 3583 tribuenda,
608 3515 680 3588 quod
702 3534 838 3588 nunquam
856 3515 912 3568 istis
926 3517 1068 3567 verborum
1090 3515 1211 3586 igniculis

161 3596 290 3668 decip'tur.
307 3599 381 3661 Iuro,
402 3598 590 3650 sententiarum
612 3596 794 3669 parcissimus,
811 3613 872 3647 raro
894 3593 1055 3659 admodum,
1075 3596 1211 3668 propriam

162 3687 269 3730 mentm
290 3674 481 3748 exprimendo,
500 3695 590 3728 rerum
609 3676 702 3729 seriem
721 3675 837 3738 dirimit,
856 3686 883 3727 et
903 3674 1015 3726 multum
1037 3694 1052 3728 a
1077 3674 1210 3727 Plutarchi

162 3757 377 3821 moreabhorret,
391 3757 439 3827 qui
455 3774 527 3807 nunc
542 3755 664 3826 physicas
678 3754 849 3818 interserens,
862 3772 934 3807 nunc
948 3754 1144 3825 philosophicas
1160 3772 1211 3805 sre-

161 3833 298 3906 ρυιόὰιις,
312 3853 524 3906 unamquamque
543 3835 633 3886 Vitam
647 3834 798 3905 intercipit;
814 3833 887 3905 quod
901 3852 1081 3906 sepenumero
1098 3849 1152 3884 non
1166 3828 1211 3884 di·

161 3922 236 3967 «sets
248 3927 366 3978 tantum,
379 3928 408 3967 ut
420 3916 476 3986 ipse
489 3913 569 3978 dicit,
578 3911 624 3965 sed
636 3913 747 3985 quisque
759 3915 816 3967 sani
829 3912 922 3985 judicii
937 3915 978 3966 vir
989 3931 1056 3984 segre
1069 3911 1142 3963 feret.
1157 3908 1211 3961 Ne·

160 4013 212 4068 pos
224 4007 320 4061 ontra,
331 3995 351 4047 si
365 3995 407 4048 vel
422 3995 557 4048 minimam
573 3993 727 4046 sententiam
743 3994 851 4047 cuilibet
867 3994 936 4044 facto
951 3991 1113 4063 subjunxerit
1122 4028 1130 4055 ,
1139 3991 1211 4060 quasi
