2768 5198
566 772 801 842 anricus.
1139 773 1212 869 273

159 889 293 961 ditionis
306 916 374 961 non
391 893 528 962 haberet
538 909 750 988 potestatem,
763 894 969 990 potissimum
978 893 1048 988 ejus
1060 892 1217 991 deligeret

158 996 372 1081 affinitatem,
387 1015 649 1095 praeoptaretque
668 1002 786 1095 equitis
804 1003 946 1068 Romani
960 999 1059 1068 filiam
1081 1025 1217 1095 genero·

160 1126 273 1172 sarum
298 1107 429 1200 nuptiis.
457 1108 564 1200 Atque
585 1106 704 1174 harum
726 1109 917 1201 nuptiarum
939 1106 1132 1176 conciliator
1156 1109 1217 1177 fuit

160 1199 251 1296 (non
265 1224 315 1279 est
328 1214 415 1281 enim
429 1210 601 1280 celandum
610 1206 623 1300 )
632 1213 679 1279 M.
696 1214 858 1281 Antonius
867 1213 1019 1280 triumvir
1029 1213 1217 1307 reipublicae

160 1317 400 1386 constituendae
425 1343 432 1384 :
460 1319 555 1411 cujus
579 1319 684 1412 gratia
712 1343 813 1411 quum
846 1341 967 1411 augere
997 1321 1218 1412 possessiones

160 1436 275 1516 posset
292 1447 384 1510 suas,
403 1437 532 1524 tantum
549 1423 654 1491 abfuit
669 1447 689 1491 a
706 1422 886 1518 cupiditate
901 1426 1062 1518 pecuniae,
1078 1439 1115 1492 ut
1128 1425 1218 1495 nulla

161 1528 197 1594 in
216 1551 252 1596 re
277 1552 355 1597 usus
373 1531 415 1597 sit
432 1553 489 1615 ea,
511 1531 572 1598 nisi
591 1530 626 1596 in
646 1529 861 1622 deprecandis
881 1530 1064 1603 amicorum
1084 1545 1141 1599 aut
1161 1557 1216 1626 pe-

162 1631 291 1720 rieulis,
309 1649 366 1704 aut
379 1634 603 1703 incommodis.
626 1634 727 1722 Quod
745 1635 876 1729 quidem
891 1635 954 1703 sub
972 1637 1041 1729 ipsa
1060 1640 1219 1732 prescrip

162 1740 254 1807 none
287 1739 471 1834 perillustre
497 1739 589 1810 fuir.
618 1743 706 1809 Nam
732 1765 834 1835 quum
865 1742 902 1808 L.
932 1741 1071 1827 Saufeii,
1102 1745 1219 1836 equitis

163 1846 324 1932 Romani,
345 1845 476 1939 aequalis
495 1849 560 1928 sui,
579 1847 635 1976 qui
654 1871 730 1915 cum
746 1871 786 1915 eo
804 1845 989 1940 complures
1010 1851 1131 1933 annos,
1151 1862 1218 1916 stu-

161 1949 220 2020 dio
237 1950 356 2021 ductus
376 1951 619 2047 philosophiae,
640 1951 826 2038 habitabat,
847 1951 1055 2045 habebatque
1073 1954 1106 2020 in
1126 1953 1219 2023 ltalia

162 2059 323 2152 pretiosas
342 2060 578 2151 possessiones,
597 2059 759 2126 triumviri
775 2059 862 2127 bona
881 2056 1120 2143 vendidissent,
1140 2085 1218 2128 eon·

162 2163 337 2233 suetudine
363 2187 420 2250 ea,
450 2188 515 2256 qua
546 2178 616 2232 tum
641 2188 693 2232 res
722 2165 946 2258 gerebantur;
977 2165 1078 2233 Attici
1109 2161 1220 2237 labore

162 2283 262 2364 atque
286 2269 446 2338 industria
468 2270 591 2338 factum
600 2308 613 2353 ,1
627 2284 666 2337 ut
683 2269 799 2338 eodem
821 2271 937 2338 nuntio
956 2268 1105 2338 Saufeius
1127 2269 1219 2341 fieret
1339 2344 1344 2357 ,

163 2376 306 2463 certior,
331 2399 365 2444 se
390 2375 624 2468 patrimonium
653 2377 798 2444 amisisse
821 2390 854 2443 et
880 2398 1098 2469 recuperasse.
1126 2376 1220 2446 Idem

163 2483 204 2551 L.
220 2481 341 2550 iulium
359 2481 528 2567 Calidum,
542 2505 655 2575 quern,
676 2495 752 2574 post
770 2483 917 2549 Lucretii
937 2478 1124 2574 Catullique
1138 2508 1222 2551 mor-

161 2601 230 2656 tem
237 2573 262 2674 ⁴,
278 2586 382 2655 multo
403 2585 678 2681 elegantissimum
697 2601 828 2680 poetam
843 2599 990 2656 nostram
1009 2584 1119 2655 tulisse
1139 2603 1220 2657 aeta·

161 2706 230 2762 tem
258 2717 335 2762 vere
352 2686 467 2761 videor
483 2717 578 2787 posse
601 2693 817 2780 contendere,
840 2716 946 2788 neque
974 2694 1084 2762 minus
1109 2695 1218 2765 virum

162 2798 289 2870 bonum
301 2853 310 2884 ,
321 2800 516 2894 optimisque
528 2799 652 2868 artibus
665 2798 829 2868 eruditum
838 2852 848 2885 ,
858 2812 933 2894 post
943 2801 1218 2894 proscriptionem

162 2907 331 3001 equitum,
349 2919 485 2999 propter
505 2929 640 2999 magnas
653 2905 723 2998 ejus
740 2906 910 2974 Africanas
931 2906 1165 2999 possessiones,
1183 2910 1218 2976 in

161 3013 423 3108 proscriptorum
437 3034 610 3079 numerum
623 3036 641 3079 a
658 3012 692 3079 P.
706 3008 904 3096 Volumnio,
916 3009 1072 3104 praesecto
1086 3009 1216 3080 fabrum

161 3118 313 3204 Antonii,
331 3116 499 3185 absentem
516 3115 674 3203 relatum,
689 3116 861 3210 expedivit.
877 3114 978 3203 Quod
994 3117 1027 3182 in
1042 3104 1216 3209 praesenti³

161 3351 202 3366 -
223 3317 321 3373 Nullius
338 3317 540 3369 conditionum
556 3316 666 3376 liaberet,
713 3328 766 3366 tem.
787 3314 940 3380 Lucretius,
958 3326 1037 3385 poete
1051 3314 1175 3386 insignis,
1189 3331 1215 3371 et

159 3412 212 3454 etc.
229 3398 313 3451 Penes
334 3415 394 3449 eum
416 3414 495 3448 omne
515 3394 668 3466 conjugium
711 3394 884 3466 philosophae
898 3393 1059 3465 Epicureus,
1075 3393 1122 3464 qui
1133 3396 1213 3448 dere·

162 3491 239 3534 ercet.
252 3474 477 3531 conditionum
492 3476 602 3527 verbam
621 3492 669 3526 nu·
710 3493 762 3526 ram
776 3473 1003 3526 naturalibrossex
1017 3470 1109 3527 edidit.
1122 3474 1213 3529 Catul-

161 3558 262 3632 ptiele3
277 3556 382 3628 gallice,
396 3559 476 3625 parri,
493 3553 603 3606 adunca
709 3554 850 3607 lucentem
863 3552 1036 3613 Veronensis,
1049 3565 1127 3624 poeta
1141 3573 1212 3608 mor·

205 3656 232 3692 ι.
251 3635 327 3705 Quod
336 3634 427 3707 quidem
435 3633 480 3685 sub
492 3639 543 3704 ipsa
548 3638 668 3704 proscrip-
709 3632 760 3686 dax
768 3647 795 3686 et
807 3633 932 3697 lascivus,
947 3631 1212 3707 quiSyllnMariique

161 3721 226 3771 eim
233 3717 368 3788 perillustre
375 3713 480 3783 juitEo
488 3711 573 3784 quod,
584 3732 667 3785 quum
709 3725 784 3766 latete
796 3713 914 3766 florebat.
931 3743 971 3754 -
983 3711 1104 3777 Praefecto
1110 3713 1210 3780 fabrum

161 3796 282 3853 certatim
295 3795 503 3866 proscriptorum
517 3793 587 3846 bona
598 3795 667 3846 inter
709 3793 818 3846 Antonii.
851 3792 905 3858 Qui
926 3791 959 3842 ab
981 3790 1098 3844 Antonio
1113 3793 1211 3861 febris,

162 3877 261 3932 amieos
275 3892 338 3927 euos
351 3873 482 3926 triumviri
501 3870 665 3937 dividerent,
708 3874 805 3944 quibus
820 3874 848 3925 in
863 3873 933 3924 bello
947 3888 1014 3942 opus
1024 3883 1096 3937 erat,
1112 3875 1211 3946 quique

161 3953 322 4011 manserit
344 3955 467 4017 Atticus,
497 3953 551 4004 imo
576 3953 666 4005 amicis
707 3953 840 4006 machinae
848 3950 1209 4026 redificantmtcuratorope·

162 4034 285 4106 adempte
296 4031 451 4086 reddiderit.
706 4031 796 4104 risque
816 4042 922 4085 exactor
937 4030 1022 4083 fueret
1042 4033 1207 4105 prupoeinn.

205 4115 231 4170 3.
251 4113 420 4184 Philosophia.
440 4110 575 4182 Epicureo
595 4111 665 4164 ecili-
706 4110 924 4176 Felrameutem,
938 4109 1209 4185 mentiquefflro

162 4205 222 4259 oet,
235 4192 275 4246 mi
284 4190 584 4262 exCioerunieepistolie
591 4188 664 4243 docti
701 4191 838 4258 saltum,
855 4203 883 4244 et
895 4190 983 4244 iubos
989 4188 1069 4241 titulo
1075 4191 1211 4267 solemnis..

160 4270 335 4328 contendunt.
353 4272 470 4325 Atticum
487 4288 551 4322 vero
564 4269 663 4342 Epicu·
704 4268 989 4342 -Expediolt.1deet,
999 4270 1208 4342 mseriptorum

161 4371 238 4408 mn
251 4351 330 4404 fuisse
344 4363 421 4422 neget
436 4350 562 4402 Ernetiue.
704 4366 815 4405 numero
825 4346 993 4404 eximendm
1002 4349 1111 4402 curarit.

201 4440 229 4499 4.
244 4433 308 4485 Post
325 4432 431 4483 Lucretii
445 4428 581 4503 Catullique
599 4447 661 4480 mor·
746 4429 769 4483 5.
790 4428 823 4482 Ire
840 4433 960 4500 pacati,
984 4424 1209 4501 Tum'temporls.

989 4507 1033 4575 18
