<?xml version="1.0" encoding="UTF-8"?>
<!DOCTYPE html PUBLIC "-//W3C//DTD XHTML 1.0 Transitional//EN"
    "http://www.w3.org/TR/xhtml1/DTD/xhtml1-transitional.dtd">
<html xmlns="http://www.w3.org/1999/xhtml" xml:lang="en" lang="en">
 <head>
  <title>
</title>
<meta http-equiv="Content-Type" content="text/html;charset=utf-8" />
  <meta name='ocr-system' content='tesseract 3.04.00' />
  <meta name='ocr-capabilities' content='ocr_page ocr_carea ocr_par ocr_line ocrx_word'/>
</head>
<body>
  <div class='ocr_page' id='page_1' title='image "./corneliusnepos02nepogoog_0357.png"; bbox 0 0 2706 4770; ppageno 0'>
   <div class='ocr_carea' id='block_1_1' title="bbox 355 354 1191 433">
    <p class='ocr_par' dir='ltr' id='par_1_1' title="bbox 355 354 1191 433">
     <span class='ocr_line' id='line_1_1' title="bbox 355 354 1191 433; baseline 0.007 -6"><span class='ocrx_word' id='word_1_1' title='bbox 355 420 360 427; x_wconf 93' lang='lat'>.</span> <span class='ocrx_word' id='word_1_2' title='bbox 438 354 889 427; x_wconf 80' lang='lat' dir='ltr'>OBSERVATIONES.</span> <span class='ocrx_word' id='word_1_3' title='bbox 1119 360 1191 433; x_wconf 80' lang='lat'>323</span> 
     </span>
    </p>
   </div>
   <div class='ocr_carea' id='block_1_2' title="bbox 131 484 1195 549">
    <p class='ocr_par' dir='ltr' id='par_1_2' title="bbox 131 484 1195 549">
     <span class='ocr_line' id='line_1_2' title="bbox 131 484 1195 549; baseline 0.006 -8"><span class='ocrx_word' id='word_1_4' title='bbox 131 484 330 541; x_wconf 81' lang='lat' dir='ltr'>adCoruelium</span> <span class='ocrx_word' id='word_1_5' title='bbox 339 485 449 549; x_wconf 83' lang='lat' dir='ltr'>littera,</span> <span class='ocrx_word' id='word_1_6' title='bbox 463 486 484 539; x_wconf 88' lang='lat' dir='ltr'>si</span> <span class='ocrx_word' id='word_1_7' title='bbox 498 486 587 538; x_wconf 88' lang='lat' dir='ltr'>minor</span> <span class='ocrx_word' id='word_1_8' title='bbox 597 487 667 539; x_wconf 86' lang='lat' dir='ltr'>inter</span> <span class='ocrx_word' id='word_1_9' title='bbox 678 504 722 539; x_wconf 87' lang='lat' dir='ltr'>eos</span> <span class='ocrx_word' id='word_1_10' title='bbox 732 486 917 539; x_wconf 75' lang='lat' dir='ltr'>intercessisset</span> <span class='ocrx_word' id='word_1_11' title='bbox 930 487 1103 542; x_wconf 89' lang='lat' dir='ltr'>necessitudo.</span> <span class='ocrx_word' id='word_1_12' title='bbox 1117 493 1195 547; x_wconf 88' lang='lat' dir='ltr'>Tunc</span> 
     </span>
    </p>
   </div>
   <div class='ocr_carea' id='block_1_3' title="bbox 131 563 1301 636">
    <p class='ocr_par' dir='ltr' id='par_1_3' title="bbox 131 563 1301 636">
     <span class='ocr_line' id='line_1_3' title="bbox 131 563 1301 636; baseline 0.001 -16"><span class='ocrx_word' id='word_1_13' title='bbox 131 567 204 621; x_wconf 88' lang='lat' dir='ltr'>enim</span> <span class='ocrx_word' id='word_1_14' title='bbox 222 585 280 619; x_wconf 91' lang='lat' dir='ltr'>non</span> <span class='ocrx_word' id='word_1_15' title='bbox 298 565 423 636; x_wconf 88' lang='lat' dir='ltr'>separatis</span> <span class='ocrx_word' id='word_1_16' title='bbox 445 566 520 617; x_wconf 88' lang='lat' dir='ltr'>libris</span> <span class='ocrx_word' id='word_1_17' title='bbox 545 563 638 622; x_wconf 71' lang='lat' dir='ltr'>edita,</span> <span class='ocrx_word' id='word_1_18' title='bbox 663 566 752 617; x_wconf 87' lang='lat' dir='ltr'>locum</span> <span class='ocrx_word' id='word_1_19' title='bbox 775 566 952 618; x_wconf 66' lang='lat' dir='ltr'>obtinuissent</span> <span class='ocrx_word' id='word_1_20' title='bbox 970 567 1039 620; x_wconf 89' lang='lat' dir='ltr'>iuter</span> <span class='ocrx_word' id='word_1_21' title='bbox 1060 571 1195 626; x_wconf 73' lang='lat' dir='ltr'>Ciceronis</span> <span class='ocrx_word' id='word_1_22' title='bbox 1298 617 1301 621; x_wconf 91' lang='lat'>.</span> 
     </span>
    </p>
   </div>
   <div class='ocr_carea' id='block_1_4' title="bbox 128 643 1201 3417">
    <p class='ocr_par' dir='ltr' id='par_1_4' title="bbox 130 643 783 720">
     <span class='ocr_line' id='line_1_4' title="bbox 130 643 783 720; baseline -0.003 -21"><span class='ocrx_word' id='word_1_23' title='bbox 130 647 256 720; x_wconf 72' lang='lat' dir='ltr'>epistolas</span> <span class='ocrx_word' id='word_1_24' title='bbox 273 645 307 699; x_wconf 89' lang='lat' dir='ltr'>ad</span> <span class='ocrx_word' id='word_1_25' title='bbox 322 643 454 709; x_wconf 85' lang='lat' dir='ltr'>diversos,</span> <span class='ocrx_word' id='word_1_26' title='bbox 468 663 528 715; x_wconf 77' lang='lat' dir='ltr'>quaa</span> <span class='ocrx_word' id='word_1_27' title='bbox 542 656 645 696; x_wconf 79' lang='lat' dir='ltr'>aetatem</span> <span class='ocrx_word' id='word_1_28' title='bbox 658 645 783 697; x_wconf 88' lang='lat' dir='ltr'>tulerunt.</span> 
     </span>
    </p>

    <p class='ocr_par' dir='ltr' id='par_1_5' title="bbox 132 721 1198 1511">
     <span class='ocr_line' id='line_1_5' title="bbox 171 721 1193 797; baseline 0.006 -19"><span class='ocrx_word' id='word_1_29' title='bbox 171 726 235 797; x_wconf 90' lang='lat' dir='ltr'>lpse</span> <span class='ocrx_word' id='word_1_30' title='bbox 248 744 299 779; x_wconf 85' lang='lat' dir='ltr'>nos</span> <span class='ocrx_word' id='word_1_31' title='bbox 319 721 397 777; x_wconf 89' lang='lat' dir='ltr'>docet</span> <span class='ocrx_word' id='word_1_32' title='bbox 411 724 566 787; x_wconf 87' lang='lat' dir='ltr'>Cornelius,</span> <span class='ocrx_word' id='word_1_33' title='bbox 587 743 614 775; x_wconf 88' lang='lat' dir='ltr'>se</span> <span class='ocrx_word' id='word_1_34' title='bbox 637 741 692 775; x_wconf 93' lang='lat' dir='ltr'>non</span> <span class='ocrx_word' id='word_1_35' title='bbox 714 724 844 776; x_wconf 89' lang='lat' dir='ltr'>minorem</span> <span class='ocrx_word' id='word_1_36' title='bbox 864 743 971 795; x_wconf 85' lang='lat' dir='ltr'>operam</span> <span class='ocrx_word' id='word_1_37' title='bbox 990 725 1141 782; x_wconf 77' lang='lat' dir='ltr'>adhibuisse</span> <span class='ocrx_word' id='word_1_38' title='bbox 1166 733 1193 784; x_wconf 92' lang='lat' dir='ltr'>in</span> 
     </span>
     <span class='ocr_line' id='line_1_6' title="bbox 132 801 1195 875; baseline 0.004 -16"><span class='ocrx_word' id='word_1_39' title='bbox 132 804 262 859; x_wconf 76' lang='lat' dir='ltr'>Romanis</span> <span class='ocrx_word' id='word_1_40' title='bbox 282 804 485 875; x_wconf 84' lang='lat' dir='ltr'>imperatoribus</span> <span class='ocrx_word' id='word_1_41' title='bbox 503 801 667 875; x_wconf 77' lang='lat' dir='ltr'>exponendis</span> <span class='ocrx_word' id='word_1_42' title='bbox 682 821 760 873; x_wconf 83' lang='lat' dir='ltr'>quam</span> <span class='ocrx_word' id='word_1_43' title='bbox 781 804 808 855; x_wconf 90' lang='lat' dir='ltr'>in</span> <span class='ocrx_word' id='word_1_44' title='bbox 825 803 932 856; x_wconf 83' lang='lat' dir='ltr'>Graecis</span> <span class='ocrx_word' id='word_1_45' title='bbox 954 804 1001 858; x_wconf 85' lang='lat' dir='ltr'>llis</span> <span class='ocrx_word' id='word_1_46' title='bbox 1018 808 1089 859; x_wconf 91' lang='lat' dir='ltr'>enim</span> <span class='ocrx_word' id='word_1_47' title='bbox 1107 811 1195 864; x_wconf 75' lang='lat' dir='ltr'>verbis</span> 
     </span>
     <span class='ocr_line' id='line_1_7' title="bbox 134 882 1196 953; baseline 0.006 -16"><span class='ocrx_word' id='word_1_48' title='bbox 134 882 273 937; x_wconf 81' lang='lat' dir='ltr'>concludit</span> <span class='ocrx_word' id='word_1_49' title='bbox 291 884 373 937; x_wconf 78' lang='lat' dir='ltr'>vitam</span> <span class='ocrx_word' id='word_1_50' title='bbox 389 883 563 935; x_wconf 80' lang='lat' dir='ltr'>Hannibalis:</span> <span class='ocrx_word' id='word_1_51' title='bbox 582 882 720 952; x_wconf 81' lang='lat' dir='ltr'>«Tempus</span> <span class='ocrx_word' id='word_1_52' title='bbox 739 896 778 935; x_wconf 91' lang='lat' dir='ltr'>est</span> <span class='ocrx_word' id='word_1_53' title='bbox 791 883 869 953; x_wconf 88' lang='lat' dir='ltr'>hujus</span> <span class='ocrx_word' id='word_1_54' title='bbox 881 884 943 936; x_wconf 91' lang='lat' dir='ltr'>libri</span> <span class='ocrx_word' id='word_1_55' title='bbox 954 885 1037 938; x_wconf 80' lang='lat' dir='ltr'>lacere</span> <span class='ocrx_word' id='word_1_56' title='bbox 1053 887 1151 949; x_wconf 83' lang='lat' dir='ltr'>linern,</span> <span class='ocrx_word' id='word_1_57' title='bbox 1170 904 1196 943; x_wconf 92' lang='lat' dir='ltr'>et</span> 
     </span>
     <span class='ocr_line' id='line_1_8' title="bbox 138 962 1198 1040; baseline 0.005 -24"><span class='ocrx_word' id='word_1_58' title='bbox 138 990 150 1011; x_wconf 84' lang='grc' dir='ltr'>ι</span> <span class='ocrx_word' id='word_1_59' title='bbox 162 964 348 1017; x_wconf 79' lang='lat' dir='ltr'>Romanorum</span> <span class='ocrx_word' id='word_1_60' title='bbox 365 962 496 1034; x_wconf 77' lang='lat' dir='ltr'>explicare</span> <span class='ocrx_word' id='word_1_61' title='bbox 510 962 694 1033; x_wconf 85' lang='lat' dir='ltr'>imperatores;</span> <span class='ocrx_word' id='word_1_62' title='bbox 707 981 761 1033; x_wconf 91' lang='lat' dir='ltr'>quo</span> <span class='ocrx_word' id='word_1_63' title='bbox 776 963 893 1026; x_wconf 84' lang='lat' dir='ltr'>facilius,</span> <span class='ocrx_word' id='word_1_64' title='bbox 908 964 1008 1017; x_wconf 85' lang='lat' dir='ltr'>collatis</span> <span class='ocrx_word' id='word_1_65' title='bbox 1024 978 1198 1040; x_wconf 87' lang='lat' dir='ltr'>utrorumque</span> 
     </span>
     <span class='ocr_line' id='line_1_9' title="bbox 136 1040 1198 1114; baseline 0.01 -23"><span class='ocrx_word' id='word_1_66' title='bbox 136 1043 251 1109; x_wconf 66' lang='lat' dir='ltr'>«lacus,</span> <span class='ocrx_word' id='word_1_67' title='bbox 276 1042 322 1114; x_wconf 86' lang='lat' dir='ltr'>qui</span> <span class='ocrx_word' id='word_1_68' title='bbox 343 1042 395 1095; x_wconf 83' lang='lat' dir='ltr'>viri</span> <span class='ocrx_word' id='word_1_69' title='bbox 415 1041 573 1113; x_wconf 70' lang='lat' dir='ltr'>proferendi</span> <span class='ocrx_word' id='word_1_70' title='bbox 593 1041 666 1105; x_wconf 88' lang='lat' dir='ltr'>siut,</span> <span class='ocrx_word' id='word_1_71' title='bbox 685 1042 768 1113; x_wconf 83' lang='lat' dir='ltr'>possit</span> <span class='ocrx_word' id='word_1_72' title='bbox 784 1040 906 1112; x_wconf 85' lang='lat' dir='ltr'>judicari.</span> <span class='ocrx_word' id='word_1_73' title='bbox 926 1069 936 1088; x_wconf 84' lang='grc' dir='ltr'>ι</span> <span class='ocrx_word' id='word_1_74' title='bbox 964 1045 1050 1098; x_wconf 85' lang='lat' dir='ltr'>Testis</span> <span class='ocrx_word' id='word_1_75' title='bbox 1065 1048 1144 1099; x_wconf 85' lang='lat' dir='ltr'>etiarn</span> <span class='ocrx_word' id='word_1_76' title='bbox 1159 1063 1198 1102; x_wconf 88' lang='lat' dir='ltr'>est</span> 
     </span>
     <span class='ocr_line' id='line_1_10' title="bbox 135 1120 1197 1193; baseline 0.005 -18"><span class='ocrx_word' id='word_1_77' title='bbox 135 1122 306 1179; x_wconf 67' lang='lat' dir='ltr'>Plutarchus,</span> <span class='ocrx_word' id='word_1_78' title='bbox 319 1122 365 1193; x_wconf 80' lang='lat' dir='ltr'>qui</span> <span class='ocrx_word' id='word_1_79' title='bbox 383 1121 412 1173; x_wconf 90' lang='lat' dir='ltr'>in</span> <span class='ocrx_word' id='word_1_80' title='bbox 424 1121 486 1174; x_wconf 81' lang='lat' dir='ltr'>vitis</span> <span class='ocrx_word' id='word_1_81' title='bbox 503 1122 542 1173; x_wconf 89' lang='grc' dir='ltr'>Μ.</span> <span class='ocrx_word' id='word_1_82' title='bbox 555 1120 685 1184; x_wconf 74' lang='lat' dir='ltr'>Marcelli,</span> <span class='ocrx_word' id='word_1_83' title='bbox 704 1122 808 1174; x_wconf 87' lang='lat' dir='ltr'>Luculli</span> <span class='ocrx_word' id='word_1_84' title='bbox 825 1133 851 1173; x_wconf 88' lang='lat' dir='ltr'>et</span> <span class='ocrx_word' id='word_1_85' title='bbox 868 1121 1049 1176; x_wconf 78' lang='lat' dir='ltr'>Gracchorum</span> <span class='ocrx_word' id='word_1_86' title='bbox 1069 1126 1197 1192; x_wconf 77' lang='lat' dir='ltr'>fratrum,</span> 
     </span>
     <span class='ocr_line' id='line_1_11' title="bbox 135 1198 1198 1277; baseline 0.005 -22"><span class='ocrx_word' id='word_1_87' title='bbox 135 1202 209 1255; x_wconf 86' lang='lat' dir='ltr'>hunc</span> <span class='ocrx_word' id='word_1_88' title='bbox 229 1202 328 1255; x_wconf 89' lang='lat' dir='ltr'>librum</span> <span class='ocrx_word' id='word_1_89' title='bbox 348 1201 466 1254; x_wconf 89' lang='lat' dir='ltr'>Cornelii</span> <span class='ocrx_word' id='word_1_90' title='bbox 485 1200 579 1253; x_wconf 87' lang='lat' dir='ltr'>babuit</span> <span class='ocrx_word' id='word_1_91' title='bbox 602 1212 662 1252; x_wconf 89' lang='lat' dir='ltr'>aute</span> <span class='ocrx_word' id='word_1_92' title='bbox 681 1201 780 1253; x_wconf 90' lang='lat' dir='ltr'>oculos.</span> <span class='ocrx_word' id='word_1_93' title='bbox 807 1198 859 1252; x_wconf 87' lang='lat' dir='ltr'>Sed</span> <span class='ocrx_word' id='word_1_94' title='bbox 878 1201 993 1267; x_wconf 90' lang='lat' dir='ltr'>interiit,</span> <span class='ocrx_word' id='word_1_95' title='bbox 1018 1216 1044 1256; x_wconf 91' lang='lat' dir='ltr'>et</span> <span class='ocrx_word' id='word_1_96' title='bbox 1064 1218 1102 1258; x_wconf 88' lang='lat' dir='ltr'>est</span> <span class='ocrx_word' id='word_1_97' title='bbox 1125 1207 1198 1277; x_wconf 90' lang='lat' dir='ltr'>quod</span> 
     </span>
     <span class='ocr_line' id='line_1_12' title="bbox 133 1279 1198 1355; baseline 0.006 -22"><span class='ocrx_word' id='word_1_98' title='bbox 133 1281 275 1347; x_wconf 83' lang='lat' dir='ltr'>dubitem,</span> <span class='ocrx_word' id='word_1_99' title='bbox 293 1298 327 1333; x_wconf 86' lang='lat' dir='ltr'>an</span> <span class='ocrx_word' id='word_1_100' title='bbox 345 1279 399 1333; x_wconf 84' lang='lat' dir='ltr'>rita</span> <span class='ocrx_word' id='word_1_101' title='bbox 412 1280 537 1343; x_wconf 86' lang='lat' dir='ltr'>Catonis,</span> <span class='ocrx_word' id='word_1_102' title='bbox 556 1297 614 1350; x_wconf 81' lang='lat' dir='ltr'>quar</span> <span class='ocrx_word' id='word_1_103' title='bbox 631 1292 765 1349; x_wconf 78' lang='lat' dir='ltr'>superest,</span> <span class='ocrx_word' id='word_1_104' title='bbox 785 1298 835 1350; x_wconf 90' lang='lat' dir='ltr'>pro</span> <span class='ocrx_word' id='word_1_105' title='bbox 848 1281 975 1351; x_wconf 86' lang='lat' dir='ltr'>particula</span> <span class='ocrx_word' id='word_1_106' title='bbox 991 1282 1071 1355; x_wconf 86' lang='lat' dir='ltr'>bujus</span> <span class='ocrx_word' id='word_1_107' title='bbox 1087 1284 1150 1339; x_wconf 88' lang='lat' dir='ltr'>libri</span> <span class='ocrx_word' id='word_1_108' title='bbox 1164 1286 1198 1339; x_wconf 88' lang='lat' dir='ltr'>de</span> 
     </span>
     <span class='ocr_line' id='line_1_13' title="bbox 134 1358 1198 1436; baseline 0.006 -23"><span class='ocrx_word' id='word_1_109' title='bbox 134 1360 342 1433; x_wconf 81' lang='lat' dir='ltr'>inperatoribus</span> <span class='ocrx_word' id='word_1_110' title='bbox 354 1358 475 1412; x_wconf 87' lang='lat' dir='ltr'>habenda</span> <span class='ocrx_word' id='word_1_111' title='bbox 491 1361 541 1423; x_wconf 78' lang='lat' dir='ltr'>sit3</span> <span class='ocrx_word' id='word_1_112' title='bbox 554 1360 582 1411; x_wconf 93' lang='lat' dir='ltr'>in</span> <span class='ocrx_word' id='word_1_113' title='bbox 592 1359 721 1410; x_wconf 85' lang='lat' dir='ltr'>brevitate</span> <span class='ocrx_word' id='word_1_114' title='bbox 734 1359 805 1411; x_wconf 89' lang='lat' dir='ltr'>enim</span> <span class='ocrx_word' id='word_1_115' title='bbox 817 1377 864 1411; x_wconf 86' lang='lat' dir='ltr'>sua</span> <span class='ocrx_word' id='word_1_116' title='bbox 876 1361 989 1431; x_wconf 88' lang='lat' dir='ltr'>amplior</span> <span class='ocrx_word' id='word_1_117' title='bbox 1000 1374 1038 1414; x_wconf 87' lang='lat' dir='ltr'>est</span> <span class='ocrx_word' id='word_1_118' title='bbox 1052 1362 1079 1414; x_wconf 90' lang='lat' dir='ltr'>in</span> <span class='ocrx_word' id='word_1_119' title='bbox 1093 1366 1198 1436; x_wconf 86' lang='lat' dir='ltr'>scriptis</span> 
     </span>
     <span class='ocr_line' id='line_1_14' title="bbox 134 1436 734 1511; baseline -0.007 -18"><span class='ocrx_word' id='word_1_120' title='bbox 134 1444 206 1511; x_wconf 82' lang='lat' dir='ltr'>ejus,</span> <span class='ocrx_word' id='word_1_121' title='bbox 222 1458 302 1511; x_wconf 88' lang='lat' dir='ltr'>quam</span> <span class='ocrx_word' id='word_1_122' title='bbox 316 1440 344 1491; x_wconf 89' lang='lat' dir='ltr'>in</span> <span class='ocrx_word' id='word_1_123' title='bbox 359 1440 438 1491; x_wconf 87' lang='lat' dir='ltr'>rebus</span> <span class='ocrx_word' id='word_1_124' title='bbox 450 1439 528 1511; x_wconf 74' lang='lat' dir='ltr'>gestis</span> <span class='ocrx_word' id='word_1_125' title='bbox 541 1436 734 1490; x_wconf 82' lang='lat' dir='ltr'>enumerandis.</span> 
     </span>
    </p>

    <p class='ocr_par' dir='ltr' id='par_1_6' title="bbox 129 1516 1201 3179">
     <span class='ocr_line' id='line_1_15' title="bbox 175 1516 1197 1586; baseline 0.005 -15"><span class='ocrx_word' id='word_1_126' title='bbox 175 1520 267 1572; x_wconf 78' lang='lat' dir='ltr'>Alium</span> <span class='ocrx_word' id='word_1_127' title='bbox 289 1537 305 1570; x_wconf 84' lang='lat' dir='ltr'>a</span> <span class='ocrx_word' id='word_1_128' title='bbox 325 1537 352 1571; x_wconf 89' lang='lat' dir='ltr'>se</span> <span class='ocrx_word' id='word_1_129' title='bbox 373 1519 522 1571; x_wconf 85' lang='lat' dir='ltr'>conlectum</span> <span class='ocrx_word' id='word_1_130' title='bbox 542 1518 641 1570; x_wconf 88' lang='lat' dir='ltr'>librum</span> <span class='ocrx_word' id='word_1_131' title='bbox 664 1530 794 1569; x_wconf 82' lang='lat' dir='ltr'>memorat</span> <span class='ocrx_word' id='word_1_132' title='bbox 815 1516 955 1570; x_wconf 88' lang='lat' dir='ltr'>Cornelius</span> <span class='ocrx_word' id='word_1_133' title='bbox 972 1518 999 1570; x_wconf 92' lang='lat' dir='ltr'>in</span> <span class='ocrx_word' id='word_1_134' title='bbox 1018 1519 1072 1572; x_wconf 84' lang='lat' dir='ltr'>rita</span> <span class='ocrx_word' id='word_1_135' title='bbox 1090 1522 1197 1586; x_wconf 91' lang='lat' dir='ltr'>Dionis,</span> 
     </span>
     <span class='ocr_line' id='line_1_16' title="bbox 135 1589 1198 1671; baseline 0.003 -18"><span class='ocrx_word' id='word_1_136' title='bbox 135 1617 194 1671; x_wconf 76' lang='lat' dir='ltr'>cap.</span> <span class='ocrx_word' id='word_1_137' title='bbox 210 1599 245 1653; x_wconf 79' lang='lat'>3:</span> <span class='ocrx_word' id='word_1_138' title='bbox 269 1596 342 1650; x_wconf 77' lang='lat' dir='ltr'>.ssd</span> <span class='ocrx_word' id='word_1_139' title='bbox 357 1596 391 1650; x_wconf 92' lang='lat' dir='ltr'>de</span> <span class='ocrx_word' id='word_1_140' title='bbox 408 1597 460 1650; x_wconf 91' lang='lat' dir='ltr'>hoc</span> <span class='ocrx_word' id='word_1_141' title='bbox 476 1589 625 1664; x_wconf 85' lang='lat' dir='ltr'>(Philisto)</span> <span class='ocrx_word' id='word_1_142' title='bbox 643 1597 671 1650; x_wconf 92' lang='lat' dir='ltr'>in</span> <span class='ocrx_word' id='word_1_143' title='bbox 689 1615 720 1649; x_wconf 88' lang='lat' dir='ltr'>eo</span> <span class='ocrx_word' id='word_1_144' title='bbox 738 1615 797 1648; x_wconf 91' lang='lat' dir='ltr'>meo</span> <span class='ocrx_word' id='word_1_145' title='bbox 815 1597 885 1649; x_wconf 91' lang='lat' dir='ltr'>libro</span> <span class='ocrx_word' id='word_1_146' title='bbox 902 1599 977 1668; x_wconf 84' lang='lat' dir='ltr'>plura</span> <span class='ocrx_word' id='word_1_147' title='bbox 991 1611 1052 1651; x_wconf 88' lang='lat' dir='ltr'>suut</span> <span class='ocrx_word' id='word_1_148' title='bbox 1067 1603 1198 1671; x_wconf 86' lang='lat' dir='ltr'>exposita,</span> 
     </span>
     <span class='ocr_line' id='line_1_17' title="bbox 136 1676 1199 1753; baseline 0.005 -26"><span class='ocrx_word' id='word_1_149' title='bbox 136 1679 206 1751; x_wconf 66' lang='lat' dir='ltr'>aqui</span> <span class='ocrx_word' id='word_1_150' title='bbox 213 1678 244 1730; x_wconf 84' lang='lat' dir='ltr'>de</span> <span class='ocrx_word' id='word_1_151' title='bbox 252 1679 370 1729; x_wconf 75' lang='lat' dir='ltr'>historicis</span> <span class='ocrx_word' id='word_1_152' title='bbox 375 1678 540 1746; x_wconf 88' lang='lat' dir='ltr'>conscriptus</span> <span class='ocrx_word' id='word_1_153' title='bbox 550 1689 597 1728; x_wconf 87' lang='lat' dir='ltr'>est.</span> <span class='ocrx_word' id='word_1_154' title='bbox 604 1703 615 1722; x_wconf 80' lang='grc' dir='ltr'>ι</span> <span class='ocrx_word' id='word_1_155' title='bbox 624 1676 702 1729; x_wconf 88' lang='lat' dir='ltr'>Hunc</span> <span class='ocrx_word' id='word_1_156' title='bbox 712 1676 800 1727; x_wconf 88' lang='lat' dir='ltr'>locum</span> <span class='ocrx_word' id='word_1_157' title='bbox 812 1677 846 1729; x_wconf 87' lang='lat' dir='ltr'>ita</span> <span class='ocrx_word' id='word_1_158' title='bbox 856 1676 1040 1748; x_wconf 83' lang='lat' dir='ltr'>explicandum</span> <span class='ocrx_word' id='word_1_159' title='bbox 1051 1698 1119 1744; x_wconf 83' lang='lat' dir='ltr'>csse,</span> <span class='ocrx_word' id='word_1_160' title='bbox 1127 1682 1199 1753; x_wconf 91' lang='lat' dir='ltr'>quod</span> 
     </span>
     <span class='ocr_line' id='line_1_18' title="bbox 135 1755 1199 1831; baseline 0.005 -20"><span class='ocrx_word' id='word_1_161' title='bbox 135 1758 227 1831; x_wconf 82' lang='lat' dir='ltr'>Nepos</span> <span class='ocrx_word' id='word_1_162' title='bbox 246 1756 350 1829; x_wconf 78' lang='lat' dir='ltr'>scripsit</span> <span class='ocrx_word' id='word_1_163' title='bbox 368 1756 509 1827; x_wconf 86' lang='lat' dir='ltr'>separatim</span> <span class='ocrx_word' id='word_1_164' title='bbox 528 1755 562 1808; x_wconf 88' lang='lat' dir='ltr'>de</span> <span class='ocrx_word' id='word_1_165' title='bbox 581 1756 712 1808; x_wconf 85' lang='lat' dir='ltr'>historicis</span> <span class='ocrx_word' id='word_1_166' title='bbox 734 1757 824 1826; x_wconf 74' lang='lat' dir='ltr'>grecis</span> <span class='ocrx_word' id='word_1_167' title='bbox 849 1769 875 1809; x_wconf 92' lang='lat' dir='ltr'>et</span> <span class='ocrx_word' id='word_1_168' title='bbox 894 1755 928 1808; x_wconf 90' lang='lat' dir='ltr'>de</span> <span class='ocrx_word' id='word_1_169' title='bbox 951 1757 1051 1823; x_wconf 82' lang='lat' dir='ltr'>latinis,</span> <span class='ocrx_word' id='word_1_170' title='bbox 1074 1758 1199 1816; x_wconf 86' lang='lat' dir='ltr'>discimus</span> 
     </span>
     <span class='ocr_line' id='line_1_19' title="bbox 135 1834 1198 1908; baseline 0.004 -17"><span class='ocrx_word' id='word_1_171' title='bbox 135 1857 152 1891; x_wconf 89' lang='lat' dir='ltr'>e</span> <span class='ocrx_word' id='word_1_172' title='bbox 170 1838 228 1891; x_wconf 83' lang='lat' dir='ltr'>Jac.</span> <span class='ocrx_word' id='word_1_173' title='bbox 248 1834 322 1889; x_wconf 80' lang='lat' dir='ltr'>Frid.</span> <span class='ocrx_word' id='word_1_174' title='bbox 338 1835 511 1906; x_wconf 72' lang='lat' dir='ltr'>Heusingeri,</span> <span class='ocrx_word' id='word_1_175' title='bbox 532 1835 669 1887; x_wconf 83' lang='lat' dir='ltr'>clarissimi</span> <span class='ocrx_word' id='word_1_176' title='bbox 690 1835 757 1899; x_wconf 84' lang='lat' dir='ltr'>viri,</span> <span class='ocrx_word' id='word_1_177' title='bbox 783 1834 981 1900; x_wconf 86' lang='lat' dir='ltr'>dissertatione,</span> <span class='ocrx_word' id='word_1_178' title='bbox 1003 1856 1061 1908; x_wconf 82' lang='lat' dir='ltr'>quse</span> <span class='ocrx_word' id='word_1_179' title='bbox 1087 1839 1198 1895; x_wconf 86' lang='lat' dir='ltr'>editioni</span> 
     </span>
     <span class='ocr_line' id='line_1_20' title="bbox 134 1913 1200 1991; baseline 0.004 -20"><span class='ocrx_word' id='word_1_180' title='bbox 134 1918 249 1991; x_wconf 87' lang='lat' dir='ltr'>Nepotis</span> <span class='ocrx_word' id='word_1_181' title='bbox 270 1915 444 1968; x_wconf 78' lang='lat' dir='ltr'>Fischerianse</span> <span class='ocrx_word' id='word_1_182' title='bbox 466 1913 565 1985; x_wconf 87' lang='lat' dir='ltr'>adjecta</span> <span class='ocrx_word' id='word_1_183' title='bbox 588 1926 634 1966; x_wconf 89' lang='lat' dir='ltr'>est.</span> <span class='ocrx_word' id='word_1_184' title='bbox 652 1917 679 1967; x_wconf 87' lang='lat' dir='ltr'>Is</span> <span class='ocrx_word' id='word_1_185' title='bbox 700 1916 787 1978; x_wconf 88' lang='lat' dir='ltr'>euim,</span> <span class='ocrx_word' id='word_1_186' title='bbox 805 1934 888 1986; x_wconf 85' lang='lat' dir='ltr'>quum</span> <span class='ocrx_word' id='word_1_187' title='bbox 911 1915 1014 1968; x_wconf 91' lang='lat' dir='ltr'>codices</span> <span class='ocrx_word' id='word_1_188' title='bbox 1032 1917 1200 1975; x_wconf 73' lang='lat' dir='ltr'>bibliotheca</span> 
     </span>
     <span class='ocr_line' id='line_1_21' title="bbox 133 1982 1200 2066; baseline 0.002 -15"><span class='ocrx_word' id='word_1_189' title='bbox 133 1997 352 2066; x_wconf 68' lang='lat' dir='ltr'>Guelferbytanae</span> <span class='ocrx_word' id='word_1_190' title='bbox 360 1995 546 2066; x_wconf 77' lang='lat' dir='ltr'>perlustraret,</span> <span class='ocrx_word' id='word_1_191' title='bbox 558 1993 708 2046; x_wconf 81' lang='lat' dir='ltr'>observavit</span> <span class='ocrx_word' id='word_1_192' title='bbox 718 1994 747 2045; x_wconf 88' lang='lat' dir='ltr'>in</span> <span class='ocrx_word' id='word_1_193' title='bbox 757 1982 915 2065; x_wconf 76' lang='lat' dir='ltr'>perantiquo</span> <span class='ocrx_word' id='word_1_194' title='bbox 935 1989 945 2054; x_wconf 89' lang='lat'>(</span> <span class='ocrx_word' id='word_1_195' title='bbox 959 1994 992 2046; x_wconf 91' lang='lat' dir='ltr'>ad</span> <span class='ocrx_word' id='word_1_196' title='bbox 1002 1997 1118 2050; x_wconf 89' lang='lat' dir='ltr'>seculum</span> <span class='ocrx_word' id='word_1_197' title='bbox 1128 2001 1200 2053; x_wconf 90' lang='lat' dir='ltr'>enim</span> 
     </span>
     <span class='ocr_line' id='line_1_22' title="bbox 134 2072 1201 2146; baseline 0.004 -16"><span class='ocrx_word' id='word_1_198' title='bbox 134 2076 177 2131; x_wconf 86' lang='lat' dir='ltr'>xl</span> <span class='ocrx_word' id='word_1_199' title='bbox 192 2072 336 2140; x_wconf 74' lang='lat' dir='ltr'>refertur),</span> <span class='ocrx_word' id='word_1_200' title='bbox 349 2074 395 2145; x_wconf 91' lang='lat' dir='ltr'>qui</span> <span class='ocrx_word' id='word_1_201' title='bbox 409 2075 541 2127; x_wconf 85' lang='lat' dir='ltr'>orationes</span> <span class='ocrx_word' id='word_1_202' title='bbox 558 2073 693 2126; x_wconf 86' lang='lat' dir='ltr'>Ciceronis</span> <span class='ocrx_word' id='word_1_203' title='bbox 711 2073 873 2144; x_wconf 83' lang='lat' dir='ltr'>Philippicas</span> <span class='ocrx_word' id='word_1_204' title='bbox 892 2075 1023 2139; x_wconf 90' lang='lat' dir='ltr'>continet,</span> <span class='ocrx_word' id='word_1_205' title='bbox 1037 2077 1158 2146; x_wconf 81' lang='lat' dir='ltr'>praefixos</span> <span class='ocrx_word' id='word_1_206' title='bbox 1175 2082 1201 2134; x_wconf 89' lang='lat' dir='ltr'>ei</span> 
     </span>
     <span class='ocr_line' id='line_1_23' title="bbox 134 2152 1200 2228; baseline 0.004 -20"><span class='ocrx_word' id='word_1_207' title='bbox 134 2174 192 2211; x_wconf 88' lang='lat' dir='ltr'>ease</span> <span class='ocrx_word' id='word_1_208' title='bbox 204 2153 325 2226; x_wconf 83' lang='lat' dir='ltr'>ejusdem</span> <span class='ocrx_word' id='word_1_209' title='bbox 338 2154 440 2206; x_wconf 88' lang='lat' dir='ltr'>librarii</span> <span class='ocrx_word' id='word_1_210' title='bbox 451 2172 532 2206; x_wconf 87' lang='lat' dir='ltr'>manu</span> <span class='ocrx_word' id='word_1_211' title='bbox 549 2152 616 2205; x_wconf 89' lang='lat' dir='ltr'>duos</span> <span class='ocrx_word' id='word_1_212' title='bbox 634 2170 649 2205; x_wconf 90' lang='lat' dir='ltr'>e</span> <span class='ocrx_word' id='word_1_213' title='bbox 661 2152 786 2206; x_wconf 88' lang='lat' dir='ltr'>Cornelio</span> <span class='ocrx_word' id='word_1_214' title='bbox 801 2153 874 2205; x_wconf 87' lang='lat' dir='ltr'>locos</span> <span class='ocrx_word' id='word_1_215' title='bbox 886 2152 1024 2224; x_wconf 87' lang='lat' dir='ltr'>hucusque</span> <span class='ocrx_word' id='word_1_216' title='bbox 1039 2155 1200 2228; x_wconf 74' lang='lat' dir='ltr'>incognitos,</span> 
     </span>
     <span class='ocr_line' id='line_1_24' title="bbox 133 2231 1201 2309; baseline 0.004 -20"><span class='ocrx_word' id='word_1_217' title='bbox 133 2237 182 2309; x_wconf 83' lang='lat' dir='ltr'>qui</span> <span class='ocrx_word' id='word_1_218' title='bbox 196 2237 235 2289; x_wconf 84' lang='lat' dir='ltr'>sic</span> <span class='ocrx_word' id='word_1_219' title='bbox 248 2234 448 2287; x_wconf 89' lang='lat' dir='ltr'>inscribuntur:</span> <span class='ocrx_word' id='word_1_220' title='bbox 460 2232 584 2285; x_wconf 79' lang='lat' dir='ltr'>Cornelius</span> <span class='ocrx_word' id='word_1_221' title='bbox 596 2232 676 2303; x_wconf 81' lang='lat' dir='ltr'>Nepos</span> <span class='ocrx_word' id='word_1_222' title='bbox 689 2235 715 2282; x_wconf 81' lang='lat' dir='ltr'>in</span> <span class='ocrx_word' id='word_1_223' title='bbox 727 2231 790 2284; x_wconf 82' lang='lat' dir='ltr'>libro</span> <span class='ocrx_word' id='word_1_224' title='bbox 799 2231 829 2284; x_wconf 82' lang='lat' dir='ltr'>de</span> <span class='ocrx_word' id='word_1_225' title='bbox 844 2232 960 2284; x_wconf 74' lang='lat' dir='ltr'>historicis</span> <span class='ocrx_word' id='word_1_226' title='bbox 972 2233 1068 2295; x_wconf 85' lang='lat' dir='ltr'>latinis,</span> <span class='ocrx_word' id='word_1_227' title='bbox 1082 2235 1115 2288; x_wconf 90' lang='lat' dir='ltr'>de</span> <span class='ocrx_word' id='word_1_228' title='bbox 1122 2238 1201 2294; x_wconf 88' lang='lat' dir='ltr'>laude</span> 
     </span>
     <span class='ocr_line' id='line_1_25' title="bbox 132 2312 1201 2384; baseline 0.002 -14"><span class='ocrx_word' id='word_1_229' title='bbox 132 2315 282 2371; x_wconf 86' lang='lat' dir='ltr'>Ciceronis.</span> <span class='ocrx_word' id='word_1_230' title='bbox 311 2313 414 2384; x_wconf 73' lang='lat' dir='ltr'>Plangit</span> <span class='ocrx_word' id='word_1_231' title='bbox 430 2313 457 2364; x_wconf 93' lang='lat' dir='ltr'>in</span> <span class='ocrx_word' id='word_1_232' title='bbox 472 2313 562 2383; x_wconf 90' lang='lat' dir='ltr'>priore</span> <span class='ocrx_word' id='word_1_233' title='bbox 582 2313 641 2365; x_wconf 87' lang='lat' dir='ltr'>loco</span> <span class='ocrx_word' id='word_1_234' title='bbox 657 2312 792 2365; x_wconf 84' lang='lat' dir='ltr'>Ciceronis</span> <span class='ocrx_word' id='word_1_235' title='bbox 808 2324 920 2364; x_wconf 88' lang='lat' dir='ltr'>mortem</span> <span class='ocrx_word' id='word_1_236' title='bbox 939 2328 1141 2383; x_wconf 70' lang='lat' dir='ltr'>promoturum,</span> <span class='ocrx_word' id='word_1_237' title='bbox 1159 2319 1201 2373; x_wconf 90' lang='lat' dir='ltr'>his</span> 
     </span>
     <span class='ocr_line' id='line_1_26' title="bbox 133 2392 1199 2463; baseline 0.003 -14"><span class='ocrx_word' id='word_1_238' title='bbox 133 2409 215 2450; x_wconf 85' lang='lat' dir='ltr'>utens</span> <span class='ocrx_word' id='word_1_239' title='bbox 227 2394 336 2447; x_wconf 82' lang='lat' dir='ltr'>verbis:</span> <span class='ocrx_word' id='word_1_240' title='bbox 352 2392 422 2444; x_wconf 74' lang='lat' dir='ltr'>«lile</span> <span class='ocrx_word' id='word_1_241' title='bbox 438 2393 509 2444; x_wconf 91' lang='lat' dir='ltr'>euim</span> <span class='ocrx_word' id='word_1_242' title='bbox 529 2392 581 2444; x_wconf 89' lang='lat' dir='ltr'>luit</span> <span class='ocrx_word' id='word_1_243' title='bbox 593 2410 677 2457; x_wconf 88' lang='lat' dir='ltr'>nnus,</span> <span class='ocrx_word' id='word_1_244' title='bbox 697 2392 744 2462; x_wconf 90' lang='lat' dir='ltr'>qui</span> <span class='ocrx_word' id='word_1_245' title='bbox 761 2392 895 2462; x_wconf 89' lang='lat' dir='ltr'>potuerit,</span> <span class='ocrx_word' id='word_1_246' title='bbox 909 2393 956 2463; x_wconf 90' lang='lat' dir='ltr'>qui</span> <span class='ocrx_word' id='word_1_247' title='bbox 975 2393 1054 2448; x_wconf 89' lang='lat' dir='ltr'>etiam</span> <span class='ocrx_word' id='word_1_248' title='bbox 1076 2394 1199 2452; x_wconf 87' lang='lat' dir='ltr'>debuerit</span> 
     </span>
     <span class='ocr_line' id='line_1_27' title="bbox 136 2470 1200 2547; baseline 0.008 -24"><span class='ocrx_word' id='word_1_249' title='bbox 136 2502 149 2523; x_wconf 74' lang='grc' dir='ltr'>ι</span> <span class='ocrx_word' id='word_1_250' title='bbox 160 2474 302 2529; x_wconf 84' lang='lat' dir='ltr'>historiam</span> <span class='ocrx_word' id='word_1_251' title='bbox 316 2470 395 2544; x_wconf 72' lang='lat' dir='ltr'>digna</span> <span class='ocrx_word' id='word_1_252' title='bbox 411 2490 476 2524; x_wconf 81' lang='lat' dir='ltr'>voce</span> <span class='ocrx_word' id='word_1_253' title='bbox 487 2471 660 2543; x_wconf 87' lang='lat' dir='ltr'>pronuntiare</span> <span class='ocrx_word' id='word_1_254' title='bbox 662 2511 738 2524; x_wconf 88' lang='grc'><strong>........</strong></span> <span class='ocrx_word' id='word_1_255' title='bbox 763 2472 802 2524; x_wconf 81' lang='lat' dir='ltr'>Ex</span> <span class='ocrx_word' id='word_1_256' title='bbox 819 2490 873 2543; x_wconf 90' lang='lat' dir='ltr'>quo</span> <span class='ocrx_word' id='word_1_257' title='bbox 886 2470 997 2537; x_wconf 90' lang='lat' dir='ltr'>dubito,</span> <span class='ocrx_word' id='word_1_258' title='bbox 1017 2473 1125 2528; x_wconf 89' lang='lat' dir='ltr'>interitu</span> <span class='ocrx_word' id='word_1_259' title='bbox 1144 2480 1200 2547; x_wconf 86' lang='lat' dir='ltr'>ejus</span> 
     </span>
     <span class='ocr_line' id='line_1_28' title="bbox 133 2549 1199 2623; baseline 0.005 -20"><span class='ocrx_word' id='word_1_260' title='bbox 133 2582 147 2603; x_wconf 73' lang='grc' dir='ltr'>ι</span> <span class='ocrx_word' id='word_1_261' title='bbox 158 2566 254 2607; x_wconf 86' lang='lat' dir='ltr'>utrum</span> <span class='ocrx_word' id='word_1_262' title='bbox 268 2572 312 2605; x_wconf 88' lang='lat' dir='ltr'>res</span> <span class='ocrx_word' id='word_1_263' title='bbox 329 2552 450 2623; x_wconf 88' lang='lat' dir='ltr'>publica,</span> <span class='ocrx_word' id='word_1_264' title='bbox 465 2570 498 2603; x_wconf 83' lang='lat' dir='ltr'>an</span> <span class='ocrx_word' id='word_1_265' title='bbox 511 2551 622 2604; x_wconf 88' lang='lat' dir='ltr'>historia</span> <span class='ocrx_word' id='word_1_266' title='bbox 634 2551 716 2621; x_wconf 75' lang='lat' dir='ltr'>magis</span> <span class='ocrx_word' id='word_1_267' title='bbox 731 2549 827 2603; x_wconf 87' lang='lat' dir='ltr'>doleat.</span> <span class='ocrx_word' id='word_1_268' title='bbox 837 2577 848 2597; x_wconf 76' lang='grc' dir='ltr'>ι</span> <span class='ocrx_word' id='word_1_269' title='bbox 868 2551 1025 2603; x_wconf 75' lang='lat' dir='ltr'>Obseruauit</span> <span class='ocrx_word' id='word_1_270' title='bbox 1042 2552 1113 2605; x_wconf 89' lang='lat' dir='ltr'>idem</span> <span class='ocrx_word' id='word_1_271' title='bbox 1126 2555 1199 2614; x_wconf 86' lang='lat' dir='ltr'>Heu·</span> 
     </span>
     <span class='ocr_line' id='line_1_29' title="bbox 130 2628 1199 2705; baseline 0.001 -21"><span class='ocrx_word' id='word_1_272' title='bbox 130 2635 270 2705; x_wconf 71' lang='lat' dir='ltr'>singen-ns,</span> <span class='ocrx_word' id='word_1_273' title='bbox 289 2630 407 2684; x_wconf 84' lang='lat' dir='ltr'>codicem</span> <span class='ocrx_word' id='word_1_274' title='bbox 424 2631 542 2683; x_wconf 89' lang='lat' dir='ltr'>Cornelii</span> <span class='ocrx_word' id='word_1_275' title='bbox 560 2630 671 2701; x_wconf 87' lang='lat' dir='ltr'>Nepotis</span> <span class='ocrx_word' id='word_1_276' title='bbox 691 2630 719 2681; x_wconf 90' lang='lat' dir='ltr'>in</span> <span class='ocrx_word' id='word_1_277' title='bbox 738 2629 830 2682; x_wconf 87' lang='lat' dir='ltr'>eadem</span> <span class='ocrx_word' id='word_1_278' title='bbox 852 2628 1029 2693; x_wconf 88' lang='lat' dir='ltr'>bibliotheca,</span> <span class='ocrx_word' id='word_1_279' title='bbox 1048 2649 1128 2701; x_wconf 91' lang='lat' dir='ltr'>quem</span> <span class='ocrx_word' id='word_1_280' title='bbox 1143 2635 1199 2688; x_wconf 83' lang='lat'>500</span> 
     </span>
     <span class='ocr_line' id='line_1_30' title="bbox 130 2707 1199 2783; baseline -0.001 -16"><span class='ocrx_word' id='word_1_281' title='bbox 130 2731 269 2767; x_wconf 88' lang='lat' dir='ltr'>annorum</span> <span class='ocrx_word' id='word_1_282' title='bbox 279 2711 402 2774; x_wconf 80' lang='lat' dir='ltr'>aestimat,</span> <span class='ocrx_word' id='word_1_283' title='bbox 415 2710 483 2762; x_wconf 90' lang='lat' dir='ltr'>hanc</span> <span class='ocrx_word' id='word_1_284' title='bbox 494 2713 554 2761; x_wconf 74' lang='lat' dir='ltr'>aito</span> <span class='ocrx_word' id='word_1_285' title='bbox 562 2710 662 2762; x_wconf 84' lang='lat' dir='ltr'>Catonis</span> <span class='ocrx_word' id='word_1_286' title='bbox 673 2709 796 2780; x_wconf 75' lang='lat' dir='ltr'>preferre</span> <span class='ocrx_word' id='word_1_287' title='bbox 810 2707 1008 2778; x_wconf 91' lang='lat' dir='ltr'>inscriptionem</span> <span class='ocrx_word' id='word_1_288' title='bbox 1019 2727 1026 2761; x_wconf 90' lang='lat'><strong>:</strong></span> <span class='ocrx_word' id='word_1_289' title='bbox 1039 2711 1199 2783; x_wconf 81' lang='lat' dir='ltr'>Excerptum</span> 
     </span>
     <span class='ocr_line' id='line_1_31' title="bbox 129 2787 1199 2860; baseline -0.001 -13"><span class='ocrx_word' id='word_1_290' title='bbox 129 2812 148 2847; x_wconf 88' lang='lat' dir='ltr'>e</span> <span class='ocrx_word' id='word_1_291' title='bbox 161 2793 236 2846; x_wconf 84' lang='lat' dir='ltr'>libro</span> <span class='ocrx_word' id='word_1_292' title='bbox 259 2790 366 2844; x_wconf 82' lang='lat' dir='ltr'>Cornelii</span> <span class='ocrx_word' id='word_1_293' title='bbox 385 2789 485 2860; x_wconf 81' lang='lat' dir='ltr'>Nepotis</span> <span class='ocrx_word' id='word_1_294' title='bbox 500 2789 530 2841; x_wconf 84' lang='lat' dir='ltr'>de</span> <span class='ocrx_word' id='word_1_295' title='bbox 547 2790 665 2840; x_wconf 76' lang='lat' dir='ltr'>historicis</span> <span class='ocrx_word' id='word_1_296' title='bbox 686 2789 775 2840; x_wconf 84' lang='lat' dir='ltr'>latinis.</span> <span class='ocrx_word' id='word_1_297' title='bbox 806 2787 910 2840; x_wconf 85' lang='lat' dir='ltr'>Citatur</span> <span class='ocrx_word' id='word_1_298' title='bbox 929 2787 1068 2852; x_wconf 84' lang='lat' dir='ltr'>Cornelius</span> <span class='ocrx_word' id='word_1_299' title='bbox 1096 2791 1124 2842; x_wconf 90' lang='lat' dir='ltr'>in</span> <span class='ocrx_word' id='word_1_300' title='bbox 1145 2793 1199 2846; x_wconf 82' lang='lat' dir='ltr'>vita</span> 
     </span>
     <span class='ocr_line' id='line_1_32' title="bbox 129 2867 1195 2939; baseline -0.001 -14"><span class='ocrx_word' id='word_1_301' title='bbox 129 2871 272 2935; x_wconf 81' lang='lat' dir='ltr'>Terentii,</span> <span class='ocrx_word' id='word_1_302' title='bbox 285 2869 340 2922; x_wconf 77' lang='lat' dir='ltr'>sive</span> <span class='ocrx_word' id='word_1_303' title='bbox 352 2886 366 2920; x_wconf 93' lang='lat' dir='ltr'>a</span> <span class='ocrx_word' id='word_1_304' title='bbox 380 2870 485 2920; x_wconf 86' lang='lat' dir='ltr'>Donato</span> <span class='ocrx_word' id='word_1_305' title='bbox 497 2870 551 2921; x_wconf 85' lang='lat' dir='ltr'>sive</span> <span class='ocrx_word' id='word_1_306' title='bbox 566 2887 579 2919; x_wconf 88' lang='lat' dir='ltr'>a</span> <span class='ocrx_word' id='word_1_307' title='bbox 591 2868 718 2921; x_wconf 86' lang='lat' dir='ltr'>Suetonio</span> <span class='ocrx_word' id='word_1_308' title='bbox 733 2867 893 2939; x_wconf 77' lang='lat' dir='ltr'>perscripta3</span> <span class='ocrx_word' id='word_1_309' title='bbox 914 2867 1029 2919; x_wconf 81' lang='lat' dir='ltr'>citantur</span> <span class='ocrx_word' id='word_1_310' title='bbox 1042 2886 1056 2919; x_wconf 85' lang='lat' dir='ltr'>a</span> <span class='ocrx_word' id='word_1_311' title='bbox 1069 2868 1195 2934; x_wconf 85' lang='lat' dir='ltr'>Suetonio,</span> 
     </span>
     <span class='ocr_line' id='line_1_33' title="bbox 130 2944 1196 3017; baseline -0.003 -11"><span class='ocrx_word' id='word_1_312' title='bbox 130 2952 160 3007; x_wconf 88' lang='lat' dir='ltr'>iu</span> <span class='ocrx_word' id='word_1_313' title='bbox 174 2950 254 3004; x_wconf 79' lang='lat' dir='ltr'>libris</span> <span class='ocrx_word' id='word_1_314' title='bbox 270 2947 305 3001; x_wconf 89' lang='lat' dir='ltr'>de</span> <span class='ocrx_word' id='word_1_315' title='bbox 317 2948 393 3001; x_wconf 90' lang='lat' dir='ltr'>claris</span> <span class='ocrx_word' id='word_1_316' title='bbox 405 2947 566 3000; x_wconf 83' lang='lat' dir='ltr'>Rhetoribus</span> <span class='ocrx_word' id='word_1_317' title='bbox 579 2944 650 3000; x_wconf 88' lang='lat' dir='ltr'>etde</span> <span class='ocrx_word' id='word_1_318' title='bbox 664 2947 740 3000; x_wconf 89' lang='lat' dir='ltr'>claris</span> <span class='ocrx_word' id='word_1_319' title='bbox 754 2946 953 3013; x_wconf 79' lang='lat' dir='ltr'>Grammaticis,</span> <span class='ocrx_word' id='word_1_320' title='bbox 966 2947 1017 2999; x_wconf 91' lang='lat' dir='ltr'>loci</span> <span class='ocrx_word' id='word_1_321' title='bbox 1032 2947 1196 3017; x_wconf 89' lang='lat' dir='ltr'>eCornelio,</span> 
     </span>
     <span class='ocr_line' id='line_1_34' title="bbox 129 3024 1198 3105; baseline -0.001 -21"><span class='ocrx_word' id='word_1_322' title='bbox 129 3033 181 3105; x_wconf 81' lang='lat' dir='ltr'>qui</span> <span class='ocrx_word' id='word_1_323' title='bbox 191 3029 225 3084; x_wconf 90' lang='lat' dir='ltr'>ad</span> <span class='ocrx_word' id='word_1_324' title='bbox 235 3028 372 3083; x_wconf 75' lang='lat' dir='ltr'>historiam</span> <span class='ocrx_word' id='word_1_325' title='bbox 385 3030 565 3080; x_wconf 84' lang='lat' dir='ltr'>Romanorum</span> <span class='ocrx_word' id='word_1_326' title='bbox 574 3027 728 3081; x_wconf 77' lang='lat' dir='ltr'>litterariam</span> <span class='ocrx_word' id='word_1_327' title='bbox 741 3037 867 3097; x_wconf 86' lang='lat' dir='ltr'>spectant.</span> <span class='ocrx_word' id='word_1_328' title='bbox 882 3027 999 3096; x_wconf 79' lang='lat' dir='ltr'>Apparet</span> <span class='ocrx_word' id='word_1_329' title='bbox 1010 3024 1086 3092; x_wconf 88' lang='lat' dir='ltr'>iude,</span> <span class='ocrx_word' id='word_1_330' title='bbox 1097 3029 1198 3083; x_wconf 90' lang='lat' dir='ltr'>Corne·</span> 
     </span>
     <span class='ocr_line' id='line_1_35' title="bbox 129 3104 1196 3179; baseline -0.002 -14"><span class='ocrx_word' id='word_1_331' title='bbox 129 3114 203 3165; x_wconf 89' lang='lat' dir='ltr'>lium</span> <span class='ocrx_word' id='word_1_332' title='bbox 210 3128 266 3163; x_wconf 91' lang='lat' dir='ltr'>uon</span> <span class='ocrx_word' id='word_1_333' title='bbox 273 3109 358 3161; x_wconf 87' lang='lat' dir='ltr'>solum</span> <span class='ocrx_word' id='word_1_334' title='bbox 368 3106 402 3160; x_wconf 91' lang='lat' dir='ltr'>de</span> <span class='ocrx_word' id='word_1_335' title='bbox 411 3107 558 3171; x_wconf 89' lang='lat' dir='ltr'>historicis,</span> <span class='ocrx_word' id='word_1_336' title='bbox 570 3106 616 3159; x_wconf 90' lang='lat' dir='ltr'>sed</span> <span class='ocrx_word' id='word_1_337' title='bbox 623 3107 703 3159; x_wconf 82' lang='lat' dir='ltr'>etiam</span> <span class='ocrx_word' id='word_1_338' title='bbox 710 3104 745 3158; x_wconf 88' lang='lat' dir='ltr'>de</span> <span class='ocrx_word' id='word_1_339' title='bbox 754 3105 811 3157; x_wconf 86' lang='lat' dir='ltr'>aliis</span> <span class='ocrx_word' id='word_1_340' title='bbox 816 3104 893 3156; x_wconf 90' lang='lat' dir='ltr'>claris</span> <span class='ocrx_word' id='word_1_341' title='bbox 900 3105 1050 3159; x_wconf 90' lang='lat' dir='ltr'>auctoribus</span> <span class='ocrx_word' id='word_1_342' title='bbox 1056 3109 1196 3179; x_wconf 89' lang='lat' dir='ltr'>scripsisse.</span> 
     </span>
    </p>

    <p class='ocr_par' dir='ltr' id='par_1_7' title="bbox 128 3185 1199 3417">
     <span class='ocr_line' id='line_1_36' title="bbox 171 3185 1199 3258; baseline -0.001 -15"><span class='ocrx_word' id='word_1_343' title='bbox 171 3187 300 3246; x_wconf 81' lang='lat' dir='ltr'>Credidit</span> <span class='ocrx_word' id='word_1_344' title='bbox 315 3186 349 3241; x_wconf 89' lang='lat' dir='ltr'>G.</span> <span class='ocrx_word' id='word_1_345' title='bbox 356 3188 383 3240; x_wconf 85' lang='lat' dir='ltr'>J.</span> <span class='ocrx_word' id='word_1_346' title='bbox 392 3187 506 3247; x_wconf 77' lang='lat' dir='ltr'>Vossius,</span> <span class='ocrx_word' id='word_1_347' title='bbox 514 3200 541 3239; x_wconf 88' lang='lat' dir='ltr'>et</span> <span class='ocrx_word' id='word_1_348' title='bbox 552 3200 612 3258; x_wconf 87' lang='lat' dir='ltr'>post</span> <span class='ocrx_word' id='word_1_349' title='bbox 625 3205 686 3239; x_wconf 88' lang='lat' dir='ltr'>eum</span> <span class='ocrx_word' id='word_1_350' title='bbox 700 3187 727 3237; x_wconf 80' lang='lat' dir='ltr'>J.</span> <span class='ocrx_word' id='word_1_351' title='bbox 738 3185 773 3238; x_wconf 85' lang='lat' dir='ltr'>A.</span> <span class='ocrx_word' id='word_1_352' title='bbox 785 3185 927 3246; x_wconf 81' lang='lat' dir='ltr'>Fabricius,</span> <span class='ocrx_word' id='word_1_353' title='bbox 940 3185 1123 3256; x_wconf 84' lang='lat' dir='ltr'>conscripsisse</span> <span class='ocrx_word' id='word_1_354' title='bbox 1135 3188 1199 3242; x_wconf 90' lang='lat' dir='ltr'>Cor·</span> 
     </span>
     <span class='ocr_line' id='line_1_37' title="bbox 128 3264 1197 3339; baseline -0.003 -14"><span class='ocrx_word' id='word_1_355' title='bbox 128 3270 237 3325; x_wconf 80' lang='lat' dir='ltr'>melium</span> <span class='ocrx_word' id='word_1_356' title='bbox 256 3268 413 3339; x_wconf 69' lang='lat' dir='ltr'>singularem</span> <span class='ocrx_word' id='word_1_357' title='bbox 426 3267 525 3319; x_wconf 89' lang='lat' dir='ltr'>librum</span> <span class='ocrx_word' id='word_1_358' title='bbox 544 3267 574 3317; x_wconf 85' lang='lat' dir='ltr'>de</span> <span class='ocrx_word' id='word_1_359' title='bbox 584 3267 695 3336; x_wconf 73' lang='lat' dir='ltr'>Regibus.</span> <span class='ocrx_word' id='word_1_360' title='bbox 717 3265 827 3317; x_wconf 90' lang='lat' dir='ltr'>Vossius</span> <span class='ocrx_word' id='word_1_361' title='bbox 846 3264 888 3315; x_wconf 88' lang='lat' dir='ltr'>ltis</span> <span class='ocrx_word' id='word_1_362' title='bbox 904 3264 989 3317; x_wconf 91' lang='lat' dir='ltr'>utitur</span> <span class='ocrx_word' id='word_1_363' title='bbox 1002 3266 1090 3319; x_wconf 79' lang='lat' dir='ltr'>verbis</span> <span class='ocrx_word' id='word_1_364' title='bbox 1102 3268 1130 3319; x_wconf 91' lang='lat' dir='ltr'>iu</span> <span class='ocrx_word' id='word_1_365' title='bbox 1144 3269 1197 3322; x_wconf 77' lang='lat' dir='ltr'>rita</span> 
     </span>
     <span class='ocr_line' id='line_1_38' title="bbox 130 3343 1197 3417; baseline 0 -15"><span class='ocrx_word' id='word_1_366' title='bbox 130 3348 280 3405; x_wconf 62' lang='lat' dir='ltr'>Cornelii:</span> <span class='ocrx_word' id='word_1_367' title='bbox 297 3374 307 3393; x_wconf 88' lang='lat'><strong>·</strong></span> <span class='ocrx_word' id='word_1_368' title='bbox 323 3347 421 3399; x_wconf 76' lang='lat' dir='ltr'>Preter</span> <span class='ocrx_word' id='word_1_369' title='bbox 440 3346 611 3417; x_wconf 86' lang='lat' dir='ltr'>imperatores</span> <span class='ocrx_word' id='word_1_370' title='bbox 632 3344 740 3397; x_wconf 84' lang='lat' dir='ltr'>seorsim</span> <span class='ocrx_word' id='word_1_371' title='bbox 760 3361 876 3396; x_wconf 85' lang='lat' dir='ltr'>exarasse</span> <span class='ocrx_word' id='word_1_372' title='bbox 893 3343 994 3395; x_wconf 91' lang='lat' dir='ltr'>librum</span> <span class='ocrx_word' id='word_1_373' title='bbox 1016 3343 1050 3397; x_wconf 89' lang='lat' dir='ltr'>de</span> <span class='ocrx_word' id='word_1_374' title='bbox 1063 3347 1197 3417; x_wconf 80' lang='lat' dir='ltr'>Regibus,</span> 
     </span>
    </p>
   </div>
   <div class='ocr_carea' id='block_1_5' title="bbox 132 3422 1287 3499">
    <p class='ocr_par' dir='ltr' id='par_1_8' title="bbox 132 3422 1287 3499">
     <span class='ocr_line' id='line_1_39' title="bbox 132 3422 1287 3499; baseline 0.003 -22"><span class='ocrx_word' id='word_1_375' title='bbox 132 3458 145 3477; x_wconf 83' lang='lat'><em>.</em></span> <span class='ocrx_word' id='word_1_376' title='bbox 154 3440 317 3499; x_wconf 71' lang='lat' dir='ltr'>argumento</span> <span class='ocrx_word' id='word_1_377' title='bbox 330 3427 386 3480; x_wconf 72' lang='lat' dir='ltr'>bac</span> <span class='ocrx_word' id='word_1_378' title='bbox 398 3439 493 3490; x_wconf 86' lang='lat' dir='ltr'>erunt,</span> <span class='ocrx_word' id='word_1_379' title='bbox 505 3444 565 3496; x_wconf 82' lang='lat' dir='ltr'>quse</span> <span class='ocrx_word' id='word_1_380' title='bbox 578 3424 754 3477; x_wconf 89' lang='lat' dir='ltr'>Timoleontis</span> <span class='ocrx_word' id='word_1_381' title='bbox 766 3424 827 3474; x_wconf 80' lang='lat' dir='ltr'>vitta</span> <span class='ocrx_word' id='word_1_382' title='bbox 844 3422 952 3475; x_wconf 88' lang='lat' dir='ltr'>subdit:</span> <span class='ocrx_word' id='word_1_383' title='bbox 966 3423 1001 3474; x_wconf 85' lang='lat' dir='ltr'>Hi</span> <span class='ocrx_word' id='word_1_384' title='bbox 1019 3425 1073 3478; x_wconf 78' lang='lat' dir='ltr'>sere</span> <span class='ocrx_word' id='word_1_385' title='bbox 1088 3428 1196 3481; x_wconf 79' lang='lat' dir='ltr'>luerunt</span> <span class='ocrx_word' id='word_1_386' title='bbox 1283 3462 1287 3469; x_wconf 88' lang='lat'><em>·</em></span> 
     </span>
    </p>
   </div>
   <div class='ocr_carea' id='block_1_6' title="bbox 127 3500 1196 4052">
    <p class='ocr_par' dir='ltr' id='par_1_9' title="bbox 127 3500 1196 4052">
     <span class='ocr_line' id='line_1_40' title="bbox 132 3500 1196 3578; baseline 0.004 -21"><span class='ocrx_word' id='word_1_387' title='bbox 132 3538 145 3557; x_wconf 86' lang='lat'><em>.</em></span> <span class='ocrx_word' id='word_1_388' title='bbox 156 3508 273 3564; x_wconf 72' lang='lat' dir='ltr'>Graecias</span> <span class='ocrx_word' id='word_1_389' title='bbox 292 3507 376 3578; x_wconf 75' lang='lat' dir='ltr'>gentis</span> <span class='ocrx_word' id='word_1_390' title='bbox 394 3504 491 3569; x_wconf 90' lang='lat' dir='ltr'>duces,</span> <span class='ocrx_word' id='word_1_391' title='bbox 506 3504 552 3576; x_wconf 90' lang='lat' dir='ltr'>qui</span> <span class='ocrx_word' id='word_1_392' title='bbox 567 3504 695 3557; x_wconf 88' lang='lat' dir='ltr'>memoria</span> <span class='ocrx_word' id='word_1_393' title='bbox 711 3502 785 3573; x_wconf 75' lang='lat' dir='ltr'>digni</span> <span class='ocrx_word' id='word_1_394' title='bbox 803 3500 976 3567; x_wconf 85' lang='lat' dir='ltr'>videbantur,</span> <span class='ocrx_word' id='word_1_395' title='bbox 995 3518 1092 3575; x_wconf 70' lang='lat' dir='ltr'>prater</span> <span class='ocrx_word' id='word_1_396' title='bbox 1114 3526 1196 3578; x_wconf 80' lang='lat' dir='ltr'>reges.</span> 
     </span>
     <span class='ocr_line' id='line_1_41' title="bbox 133 3582 1196 3658; baseline 0.001 -20"><span class='ocrx_word' id='word_1_397' title='bbox 133 3618 146 3638; x_wconf 71' lang='grc' dir='ltr'>ι</span> <span class='ocrx_word' id='word_1_398' title='bbox 159 3589 285 3658; x_wconf 85' lang='lat' dir='ltr'>Namque</span> <span class='ocrx_word' id='word_1_399' title='bbox 301 3605 346 3639; x_wconf 88' lang='lat' dir='ltr'>eos</span> <span class='ocrx_word' id='word_1_400' title='bbox 363 3586 490 3656; x_wconf 77' lang='lat' dir='ltr'>attingere</span> <span class='ocrx_word' id='word_1_401' title='bbox 506 3584 654 3648; x_wconf 91' lang='lat' dir='ltr'>noluimus,</span> <span class='ocrx_word' id='word_1_402' title='bbox 676 3582 749 3654; x_wconf 88' lang='lat' dir='ltr'>quod</span> <span class='ocrx_word' id='word_1_403' title='bbox 766 3582 887 3635; x_wconf 90' lang='lat' dir='ltr'>omnium</span> <span class='ocrx_word' id='word_1_404' title='bbox 905 3601 946 3635; x_wconf 89' lang='lat' dir='ltr'>res</span> <span class='ocrx_word' id='word_1_405' title='bbox 964 3596 1042 3654; x_wconf 70' lang='lat' dir='ltr'>gestas</span> <span class='ocrx_word' id='word_1_406' title='bbox 1057 3590 1196 3658; x_wconf 84' lang='lat' dir='ltr'>separatim</span> 
     </span>
     <span class='ocr_line' id='line_1_42' title="bbox 131 3661 1196 3735; baseline 0.002 -19"><span class='ocrx_word' id='word_1_407' title='bbox 131 3696 145 3716; x_wconf 80' lang='grc'><strong>.</strong></span> <span class='ocrx_word' id='word_1_408' title='bbox 157 3680 225 3721; x_wconf 84' lang='lat' dir='ltr'>sunt</span> <span class='ocrx_word' id='word_1_409' title='bbox 256 3666 352 3718; x_wconf 83' lang='lat' dir='ltr'>relata·</span> <span class='ocrx_word' id='word_1_410' title='bbox 391 3665 484 3735; x_wconf 85' lang='lat' dir='ltr'>Neque</span> <span class='ocrx_word' id='word_1_411' title='bbox 512 3676 599 3716; x_wconf 90' lang='lat' dir='ltr'>tamen</span> <span class='ocrx_word' id='word_1_412' title='bbox 636 3663 666 3715; x_wconf 90' lang='lat' dir='ltr'>bi</span> <span class='ocrx_word' id='word_1_413' title='bbox 695 3661 842 3715; x_wconf 90' lang='lat' dir='ltr'>admodum</span> <span class='ocrx_word' id='word_1_414' title='bbox 884 3674 946 3714; x_wconf 86' lang='lat' dir='ltr'>sunt</span> <span class='ocrx_word' id='word_1_415' title='bbox 973 3664 1060 3718; x_wconf 90' lang='lat' dir='ltr'>multi.</span> <span class='ocrx_word' id='word_1_416' title='bbox 1081 3692 1093 3711; x_wconf 76' lang='grc' dir='ltr'>ι</span> <span class='ocrx_word' id='word_1_417' title='bbox 1128 3668 1196 3718; x_wconf 88' lang='lat' dir='ltr'>Mihi</span> 
     </span>
     <span class='ocr_line' id='line_1_43' title="bbox 127 3742 1196 3817; baseline -0.006 -15"><span class='ocrx_word' id='word_1_418' title='bbox 127 3766 199 3802; x_wconf 81' lang='lat' dir='ltr'>vero</span> <span class='ocrx_word' id='word_1_419' title='bbox 221 3747 378 3817; x_wconf 87' lang='lat' dir='ltr'>neutiquam</span> <span class='ocrx_word' id='word_1_420' title='bbox 398 3743 455 3797; x_wconf 86' lang='lat' dir='ltr'>hssc</span> <span class='ocrx_word' id='word_1_421' title='bbox 474 3745 554 3797; x_wconf 85' lang='lat' dir='ltr'>verba</span> <span class='ocrx_word' id='word_1_422' title='bbox 572 3742 710 3806; x_wconf 87' lang='lat' dir='ltr'>Cornelii,</span> <span class='ocrx_word' id='word_1_423' title='bbox 731 3742 911 3814; x_wconf 65' lang='lat' dir='ltr'>quodomnium</span> <span class='ocrx_word' id='word_1_424' title='bbox 932 3762 968 3794; x_wconf 79' lang='lat' dir='ltr'>res</span> <span class='ocrx_word' id='word_1_425' title='bbox 979 3755 1055 3812; x_wconf 75' lang='lat' dir='ltr'>geste</span> <span class='ocrx_word' id='word_1_426' title='bbox 1070 3752 1196 3816; x_wconf 80' lang='lat' dir='ltr'>seperatim</span> 
     </span>
     <span class='ocr_line' id='line_1_44' title="bbox 127 3820 1196 3895; baseline -0.005 -16"><span class='ocrx_word' id='word_1_427' title='bbox 127 3839 190 3881; x_wconf 79' lang='lat' dir='ltr'>sunt</span> <span class='ocrx_word' id='word_1_428' title='bbox 203 3827 299 3885; x_wconf 79' lang='lat' dir='ltr'>relutae,</span> <span class='ocrx_word' id='word_1_429' title='bbox 316 3826 352 3878; x_wconf 88' lang='lat' dir='ltr'>ita</span> <span class='ocrx_word' id='word_1_430' title='bbox 364 3822 520 3895; x_wconf 85' lang='lat' dir='ltr'>explicanda</span> <span class='ocrx_word' id='word_1_431' title='bbox 532 3820 669 3888; x_wconf 83' lang='lat' dir='ltr'>ridentur,</span> <span class='ocrx_word' id='word_1_432' title='bbox 688 3824 760 3894; x_wconf 87' lang='lat' dir='ltr'>qussi</span> <span class='ocrx_word' id='word_1_433' title='bbox 781 3821 815 3875; x_wconf 85' lang='lat' dir='ltr'>nd</span> <span class='ocrx_word' id='word_1_434' title='bbox 832 3840 915 3875; x_wconf 90' lang='lat' dir='ltr'>unum</span> <span class='ocrx_word' id='word_1_435' title='bbox 929 3824 1054 3877; x_wconf 82' lang='lat' dir='ltr'>volumen</span> <span class='ocrx_word' id='word_1_436' title='bbox 1068 3844 1081 3876; x_wconf 90' lang='lat' dir='ltr'>a</span> <span class='ocrx_word' id='word_1_437' title='bbox 1095 3843 1122 3875; x_wconf 89' lang='lat' dir='ltr'>se</span> <span class='ocrx_word' id='word_1_438' title='bbox 1133 3842 1196 3875; x_wconf 89' lang='lat' dir='ltr'>con·</span> 
     </span>
     <span class='ocr_line' id='line_1_45' title="bbox 127 3900 1196 3978; baseline -0.008 -17"><span class='ocrx_word' id='word_1_439' title='bbox 127 3909 264 3978; x_wconf 83' lang='lat' dir='ltr'>scripturn</span> <span class='ocrx_word' id='word_1_440' title='bbox 277 3905 410 3976; x_wconf 85' lang='lat' dir='ltr'>respiciat.</span> <span class='ocrx_word' id='word_1_441' title='bbox 427 3906 608 3957; x_wconf 84' lang='lat' dir='ltr'>Monstrosum</span> <span class='ocrx_word' id='word_1_442' title='bbox 621 3901 721 3973; x_wconf 88' lang='lat' dir='ltr'>aliquid</span> <span class='ocrx_word' id='word_1_443' title='bbox 735 3916 760 3954; x_wconf 89' lang='lat' dir='ltr'>et</span> <span class='ocrx_word' id='word_1_444' title='bbox 773 3903 845 3955; x_wconf 89' lang='lat' dir='ltr'>bono</span> <span class='ocrx_word' id='word_1_445' title='bbox 861 3916 968 3955; x_wconf 83' lang='lat' dir='ltr'>auctore</span> <span class='ocrx_word' id='word_1_446' title='bbox 979 3922 1073 3974; x_wconf 84' lang='lat' dir='ltr'>parum</span> <span class='ocrx_word' id='word_1_447' title='bbox 1087 3900 1196 3970; x_wconf 83' lang='lat' dir='ltr'>dignum</span> 
     </span>
     <span class='ocr_line' id='line_1_46' title="bbox 127 3980 1196 4052; baseline -0.007 -12"><span class='ocrx_word' id='word_1_448' title='bbox 127 3984 215 4040; x_wconf 83' lang='lat' dir='ltr'>habet</span> <span class='ocrx_word' id='word_1_449' title='bbox 228 3983 289 4039; x_wconf 83' lang='lat' dir='ltr'>idea</span> <span class='ocrx_word' id='word_1_450' title='bbox 303 3983 435 4038; x_wconf 88' lang='lat' dir='ltr'>scribendi</span> <span class='ocrx_word' id='word_1_451' title='bbox 447 3984 546 4036; x_wconf 89' lang='lat' dir='ltr'>librum</span> <span class='ocrx_word' id='word_1_452' title='bbox 558 3983 600 4036; x_wconf 83' lang='lat' dir='ltr'>rel</span> <span class='ocrx_word' id='word_1_453' title='bbox 614 3982 769 4035; x_wconf 87' lang='lat' dir='ltr'>historicum</span> <span class='ocrx_word' id='word_1_454' title='bbox 783 3983 824 4033; x_wconf 86' lang='lat' dir='ltr'>vel</span> <span class='ocrx_word' id='word_1_455' title='bbox 837 3983 1037 4052; x_wconf 82' lang='lat' dir='ltr'>biographicum</span> <span class='ocrx_word' id='word_1_456' title='bbox 1052 3982 1082 4032; x_wconf 81' lang='lat' dir='ltr'>de</span> <span class='ocrx_word' id='word_1_457' title='bbox 1093 3980 1196 4049; x_wconf 71' lang='lat' dir='ltr'>Ilegs&#39;bsss</span> 
     </span>
    </p>
   </div>
   <div class='ocr_carea' id='block_1_7' title="bbox 941 4085 1010 4154">
    <p class='ocr_par' dir='ltr' id='par_1_10' title="bbox 941 4085 1010 4154">
     <span class='ocr_line' id='line_1_47' title="bbox 941 4085 1010 4154; baseline 0.014 -1"><span class='ocrx_word' id='word_1_458' title='bbox 941 4085 1010 4154; x_wconf 73' lang='lat' dir='ltr'>‘rt&#39;</span> 
     </span>
    </p>
   </div>
   <div class='ocr_carea' id='block_1_8' title="bbox 0 0 1358 4770">
    <p class='ocr_par' dir='ltr' id='par_1_11' title="bbox 0 0 1358 4770">
     <span class='ocr_line' id='line_1_48' title="bbox 0 0 1358 4770; baseline 0 0"><span class='ocrx_word' id='word_1_459' title='bbox 0 0 1358 4770; x_wconf 95' lang='lat' dir='ltr'> </span> 
     </span>
    </p>
   </div>
  </div>
 </body>
</html>
