<?xml version="1.0" encoding="UTF-8"?>
<!DOCTYPE html PUBLIC "-//W3C//DTD XHTML 1.0 Transitional//EN"
    "http://www.w3.org/TR/xhtml1/DTD/xhtml1-transitional.dtd">
<html xmlns="http://www.w3.org/1999/xhtml" xml:lang="en" lang="en">
 <head>
  <title>
</title>
<meta http-equiv="Content-Type" content="text/html;charset=utf-8" />
  <meta name='ocr-system' content='tesseract 3.04.00' />
  <meta name='ocr-capabilities' content='ocr_page ocr_carea ocr_par ocr_line ocrx_word'/>
</head>
<body>
  <div class='ocr_page' id='page_1' title='image "./corneliusnepos02nepogoog_0148.png"; bbox 0 0 2706 4770; ppageno 0'>
   <div class='ocr_carea' id='block_1_1' title="bbox 574 286 1198 445">
    <p class='ocr_par' dir='ltr' id='par_1_1' title="bbox 574 286 1198 445">
     <span class='ocr_line' id='line_1_1' title="bbox 574 286 1198 445; baseline -0.002 -34"><span class='ocrx_word' id='word_1_1' title='bbox 574 286 770 411; x_wconf 81' lang='lat' dir='ltr'>conon.</span> <span class='ocrx_word' id='word_1_2' title='bbox 866 300 870 307; x_wconf 58' lang='grc'>’</span> <span class='ocrx_word' id='word_1_3' title='bbox 1152 371 1198 445; x_wconf 86' lang='lat'>97</span> 
     </span>
    </p>
   </div>
   <div class='ocr_carea' id='block_1_2' title="bbox 149 472 1205 2158">
    <p class='ocr_par' dir='ltr' id='par_1_2' title="bbox 149 472 1205 1624">
     <span class='ocr_line' id='line_1_2' title="bbox 149 472 1201 570; baseline 0.005 -26"><span class='ocrx_word' id='word_1_4' title='bbox 149 476 292 570; x_wconf 88' lang='lat' dir='ltr'>pbernc,</span> <span class='ocrx_word' id='word_1_5' title='bbox 308 473 367 566; x_wconf 82' lang='lat' dir='ltr'>qui</span> <span class='ocrx_word' id='word_1_6' title='bbox 388 496 430 541; x_wconf 88' lang='lat' dir='ltr'>ex</span> <span class='ocrx_word' id='word_1_7' title='bbox 449 472 571 542; x_wconf 90' lang='lat' dir='ltr'>intimis</span> <span class='ocrx_word' id='word_1_8' title='bbox 592 475 677 567; x_wconf 81' lang='lat' dir='ltr'>regis</span> <span class='ocrx_word' id='word_1_9' title='bbox 699 473 741 541; x_wconf 92' lang='lat' dir='ltr'>ab</span> <span class='ocrx_word' id='word_1_10' title='bbox 768 474 910 542; x_wconf 88' lang='lat' dir='ltr'>amicitia</span> <span class='ocrx_word' id='word_1_11' title='bbox 933 476 1003 567; x_wconf 88' lang='lat' dir='ltr'>ejus</span> <span class='ocrx_word' id='word_1_12' title='bbox 1023 476 1201 567; x_wconf 83' lang='lat' dir='ltr'><strong>defecerat,</strong></span> 
     </span>
     <span class='ocr_line' id='line_1_3' title="bbox 152 576 1201 656; baseline 0.006 -6"><span class='ocrx_word' id='word_1_13' title='bbox 152 595 183 650; x_wconf 87' lang='lat' dir='ltr'>et</span> <span class='ocrx_word' id='word_1_14' title='bbox 200 604 271 649; x_wconf 87' lang='lat' dir='ltr'>cum</span> <span class='ocrx_word' id='word_1_15' title='bbox 289 576 548 648; x_wconf 70' lang='lat' dir='ltr'>lacedemoniis</span> <span class='ocrx_word' id='word_1_16' title='bbox 565 581 689 648; x_wconf 76' lang='lat' dir='ltr'>coierat</span> <span class='ocrx_word' id='word_1_17' title='bbox 709 582 920 649; x_wconf 87' lang='lat' dir='ltr'>societatem:</span> <span class='ocrx_word' id='word_1_18' title='bbox 939 581 1027 651; x_wconf 91' lang='lat' dir='ltr'>hunc</span> <span class='ocrx_word' id='word_1_19' title='bbox 1046 583 1201 656; x_wconf 85' lang='lat' dir='ltr'>adversus</span> 
     </span>
     <span class='ocr_line' id='line_1_4' title="bbox 153 683 1202 780; baseline 0.005 -25"><span class='ocrx_word' id='word_1_20' title='bbox 153 684 377 755; x_wconf 75' lang='lat' dir='ltr'><strong>Pharnabazus</strong></span> <span class='ocrx_word' id='word_1_21' title='bbox 395 683 527 752; x_wconf 85' lang='lat' dir='ltr'>babitus</span> <span class='ocrx_word' id='word_1_22' title='bbox 539 699 589 752; x_wconf 87' lang='lat' dir='ltr'>est</span> <span class='ocrx_word' id='word_1_23' title='bbox 603 687 801 780; x_wconf 91' lang='lat' dir='ltr'>imperator;</span> <span class='ocrx_word' id='word_1_24' title='bbox 817 711 854 754; x_wconf 87' lang='lat' dir='ltr'>re</span> <span class='ocrx_word' id='word_1_25' title='bbox 865 686 998 779; x_wconf 88' lang='lat' dir='ltr'>quidem</span> <span class='ocrx_word' id='word_1_26' title='bbox 1018 713 1095 757; x_wconf 89' lang='lat' dir='ltr'>vera</span> <span class='ocrx_word' id='word_1_27' title='bbox 1107 716 1202 780; x_wconf 85' lang='lat' dir='ltr'>exer-</span> 
     </span>
     <span class='ocr_line' id='line_1_5' title="bbox 157 789 1202 889; baseline 0.006 -29"><span class='ocrx_word' id='word_1_28' title='bbox 157 792 225 860; x_wconf 88' lang='lat' dir='ltr'>citui</span> <span class='ocrx_word' id='word_1_29' title='bbox 243 789 376 888; x_wconf 68' lang='lat' dir='ltr'>prefuit</span> <span class='ocrx_word' id='word_1_30' title='bbox 396 791 532 877; x_wconf 84' lang='lat' dir='ltr'>Conon,</span> <span class='ocrx_word' id='word_1_31' title='bbox 552 791 688 884; x_wconf 90' lang='lat' dir='ltr'>ejusque</span> <span class='ocrx_word' id='word_1_32' title='bbox 708 794 819 860; x_wconf 90' lang='lat' dir='ltr'>omnia</span> <span class='ocrx_word' id='word_1_33' title='bbox 843 792 978 861; x_wconf 90' lang='lat' dir='ltr'>arbitrio</span> <span class='ocrx_word' id='word_1_34' title='bbox 999 809 1090 889; x_wconf 84' lang='lat' dir='ltr'>gesta</span> <span class='ocrx_word' id='word_1_35' title='bbox 1116 812 1202 866; x_wconf 84' lang='lat' dir='ltr'>sunt.</span> 
     </span>
     <span class='ocr_line' id='line_1_6' title="bbox 160 885 1203 993; baseline 0.008 -29"><span class='ocrx_word' id='word_1_36' title='bbox 160 898 213 966; x_wconf 87' lang='lat' dir='ltr'>llic</span> <span class='ocrx_word' id='word_1_37' title='bbox 230 895 369 965; x_wconf 90' lang='lat' dir='ltr'>multum</span> <span class='ocrx_word' id='word_1_38' title='bbox 389 895 507 964; x_wconf 87' lang='lat' dir='ltr'>ducem</span> <span class='ocrx_word' id='word_1_39' title='bbox 530 921 694 964; x_wconf 87' lang='lat' dir='ltr'>summurn</span> <span class='ocrx_word' id='word_1_40' title='bbox 715 885 920 991; x_wconf 71' lang='lat' dir='ltr'>Agesilaum⁴</span> <span class='ocrx_word' id='word_1_41' title='bbox 935 901 1119 993; x_wconf 80' lang='lat' dir='ltr'>impedivit,</span> <span class='ocrx_word' id='word_1_42' title='bbox 1141 928 1203 972; x_wconf 77' lang='lat' dir='ltr'>sae-</span> 
     </span>
     <span class='ocr_line' id='line_1_7' title="bbox 164 1000 1205 1101; baseline 0.007 -31"><span class='ocrx_word' id='word_1_43' title='bbox 164 1025 250 1096; x_wconf 85' lang='lat' dir='ltr'>peque</span> <span class='ocrx_word' id='word_1_44' title='bbox 266 1002 338 1093; x_wconf 87' lang='lat' dir='ltr'>ejus</span> <span class='ocrx_word' id='word_1_45' title='bbox 350 1000 494 1070; x_wconf 86' lang='lat' dir='ltr'>consiliis</span> <span class='ocrx_word' id='word_1_46' title='bbox 505 1001 639 1069; x_wconf 86' lang='lat' dir='ltr'>obstitit.</span> <span class='ocrx_word' id='word_1_47' title='bbox 654 1005 770 1096; x_wconf 84' lang='lat' dir='ltr'>Neque</span> <span class='ocrx_word' id='word_1_48' title='bbox 788 1029 868 1072; x_wconf 84' lang='lat' dir='ltr'>vero</span> <span class='ocrx_word' id='word_1_49' title='bbox 881 1029 947 1071; x_wconf 94' lang='lat' dir='ltr'>non</span> <span class='ocrx_word' id='word_1_50' title='bbox 962 1004 1023 1073; x_wconf 84' lang='lat' dir='ltr'>fuit</span> <span class='ocrx_word' id='word_1_51' title='bbox 1036 1022 1205 1101; x_wconf 90' lang='lat' dir='ltr'>apertum,</span> 
     </span>
     <span class='ocr_line' id='line_1_8' title="bbox 168 1099 1205 1209; baseline 0.01 -36"><span class='ocrx_word' id='word_1_52' title='bbox 168 1109 188 1173; x_wconf 83' lang='lat' dir='ltr'>si</span> <span class='ocrx_word' id='word_1_53' title='bbox 199 1106 245 1176; x_wconf 90' lang='lat' dir='ltr'>ille</span> <span class='ocrx_word' id='word_1_54' title='bbox 264 1133 333 1176; x_wconf 91' lang='lat' dir='ltr'>non</span> <span class='ocrx_word' id='word_1_55' title='bbox 355 1108 490 1193; x_wconf 86' lang='lat' dir='ltr'>suisset,</span> <span class='ocrx_word' id='word_1_56' title='bbox 508 1106 694 1202; x_wconf 79' lang='lat' dir='ltr'>Agesilaum</span> <span class='ocrx_word' id='word_1_57' title='bbox 718 1110 844 1193; x_wconf 76' lang='lat' dir='ltr'>Asiam,</span> <span class='ocrx_word' id='word_1_58' title='bbox 864 1113 974 1177; x_wconf 82' lang='lat' dir='ltr'>Tauro</span> <span class='ocrx_word' id='word_1_59' title='bbox 993 1126 1088 1181; x_wconf 92' lang='lat' dir='ltr'>tenus</span> <span class='ocrx_word' id='word_1_60' title='bbox 1098 1099 1121 1198; x_wconf 88' lang='lat'>⁵,</span> <span class='ocrx_word' id='word_1_61' title='bbox 1135 1117 1205 1209; x_wconf 84' lang='lat' dir='ltr'>regi</span> 
     </span>
     <span class='ocr_line' id='line_1_9' title="bbox 169 1210 1204 1308; baseline 0.011 -31"><span class='ocrx_word' id='word_1_62' title='bbox 169 1210 458 1308; x_wconf 88' lang='lat' dir='ltr'>luisseerepturum.</span> <span class='ocrx_word' id='word_1_63' title='bbox 478 1214 545 1301; x_wconf 85' lang='lat' dir='ltr'>Qui</span> <span class='ocrx_word' id='word_1_64' title='bbox 568 1228 780 1307; x_wconf 83' lang='lat' dir='ltr'><strong>posteaquam</strong></span> <span class='ocrx_word' id='word_1_65' title='bbox 799 1214 936 1283; x_wconf 91' lang='lat' dir='ltr'>domurn</span> <span class='ocrx_word' id='word_1_66' title='bbox 958 1239 977 1283; x_wconf 93' lang='lat' dir='ltr'>a</span> <span class='ocrx_word' id='word_1_67' title='bbox 996 1219 1062 1286; x_wconf 88' lang='lat' dir='ltr'>suis</span> <span class='ocrx_word' id='word_1_68' title='bbox 1079 1220 1204 1289; x_wconf 83' lang='lat' dir='ltr'>civibus</span> 
     </span>
     <span class='ocr_line' id='line_1_10' title="bbox 170 1303 1205 1413; baseline 0.01 -29"><span class='ocrx_word' id='word_1_69' title='bbox 170 1334 318 1389; x_wconf 73' lang='lat' dir='ltr'>avocatus</span> <span class='ocrx_word' id='word_1_70' title='bbox 335 1303 416 1404; x_wconf 79' lang='lat' dir='ltr'>est⁶,</span> <span class='ocrx_word' id='word_1_71' title='bbox 433 1319 523 1413; x_wconf 93' lang='lat' dir='ltr'>quod</span> <span class='ocrx_word' id='word_1_72' title='bbox 541 1322 656 1388; x_wconf 87' lang='lat' dir='ltr'>Boeotii</span> <span class='ocrx_word' id='word_1_73' title='bbox 668 1333 702 1387; x_wconf 90' lang='lat' dir='ltr'>et</span> <span class='ocrx_word' id='word_1_74' title='bbox 716 1320 932 1388; x_wconf 82' lang='lat' dir='ltr'>Athenienses</span> <span class='ocrx_word' id='word_1_75' title='bbox 951 1323 1205 1413; x_wconf 75' lang='lat' dir='ltr'>Lacedaemoniis</span> 
     </span>
     <span class='ocr_line' id='line_1_11' title="bbox 171 1419 1204 1520; baseline 0.01 -30"><span class='ocrx_word' id='word_1_76' title='bbox 171 1419 265 1493; x_wconf 86' lang='lat' dir='ltr'>bellum</span> <span class='ocrx_word' id='word_1_77' title='bbox 287 1425 492 1509; x_wconf 87' lang='lat' dir='ltr'>indixerant,</span> <span class='ocrx_word' id='word_1_78' title='bbox 514 1427 633 1494; x_wconf 89' lang='lat' dir='ltr'>Conon</span> <span class='ocrx_word' id='word_1_79' title='bbox 660 1424 762 1493; x_wconf 81' lang='lat' dir='ltr'>nihilo</span> <span class='ocrx_word' id='word_1_80' title='bbox 790 1428 895 1494; x_wconf 89' lang='lat' dir='ltr'>secius</span> <span class='ocrx_word' id='word_1_81' title='bbox 918 1425 1008 1520; x_wconf 92' lang='lat' dir='ltr'>apud</span> <span class='ocrx_word' id='word_1_82' title='bbox 1033 1428 1204 1520; x_wconf 72' lang='lat' dir='ltr'>prefectos</span> 
     </span>
     <span class='ocr_line' id='line_1_12' title="bbox 173 1530 1126 1624; baseline 0.002 -26"><span class='ocrx_word' id='word_1_83' title='bbox 173 1533 233 1624; x_wconf 78' lang='lat' dir='ltr'>agis</span> <span class='ocrx_word' id='word_1_84' title='bbox 252 1533 460 1616; x_wconf 79' lang='lat' dir='ltr'>versabatur,</span> <span class='ocrx_word' id='word_1_85' title='bbox 478 1530 594 1624; x_wconf 86' lang='lat' dir='ltr'>hisque</span> <span class='ocrx_word' id='word_1_86' title='bbox 610 1531 765 1599; x_wconf 86' lang='lat' dir='ltr'>omnibus</span> <span class='ocrx_word' id='word_1_87' title='bbox 787 1533 931 1601; x_wconf 82' lang='lat' dir='ltr'>maximo</span> <span class='ocrx_word' id='word_1_88' title='bbox 951 1547 1021 1601; x_wconf 88' lang='lat' dir='ltr'>erat</span> <span class='ocrx_word' id='word_1_89' title='bbox 1043 1536 1126 1602; x_wconf 84' lang='lat' dir='ltr'>usui.</span> 
     </span>
    </p>

    <p class='ocr_par' dir='ltr' id='par_1_3' title="bbox 170 1636 1205 2158">
     <span class='ocr_line' id='line_1_13' title="bbox 207 1636 1204 1731; baseline 0.004 -26"><span class='ocrx_word' id='word_1_90' title='bbox 207 1638 258 1705; x_wconf 93' lang='lat' dir='ltr'>lll.</span> <span class='ocrx_word' id='word_1_91' title='bbox 281 1636 458 1705; x_wconf 86' lang='lat' dir='ltr'>Defecerat</span> <span class='ocrx_word' id='word_1_92' title='bbox 477 1659 495 1703; x_wconf 93' lang='lat' dir='ltr'>a</span> <span class='ocrx_word' id='word_1_93' title='bbox 517 1660 594 1729; x_wconf 84' lang='lat' dir='ltr'>rege</span> <span class='ocrx_word' id='word_1_94' title='bbox 613 1636 863 1730; x_wconf 87' lang='lat' dir='ltr'>Tissaphernes,</span> <span class='ocrx_word' id='word_1_95' title='bbox 886 1662 992 1731; x_wconf 90' lang='lat' dir='ltr'>neque</span> <span class='ocrx_word' id='word_1_96' title='bbox 1007 1639 1040 1706; x_wconf 93' lang='lat' dir='ltr'>id</span> <span class='ocrx_word' id='word_1_97' title='bbox 1058 1653 1125 1708; x_wconf 90' lang='lat' dir='ltr'>tam</span> <span class='ocrx_word' id='word_1_98' title='bbox 1140 1643 1204 1709; x_wconf 81' lang='lat' dir='ltr'>Ar·</span> 
     </span>
     <span class='ocr_line' id='line_1_14' title="bbox 172 1741 1204 1841; baseline 0.007 -32"><span class='ocrx_word' id='word_1_99' title='bbox 172 1744 285 1828; x_wconf 77' lang='lat' dir='ltr'>hiemi,</span> <span class='ocrx_word' id='word_1_100' title='bbox 303 1766 402 1836; x_wconf 91' lang='lat' dir='ltr'>quam</span> <span class='ocrx_word' id='word_1_101' title='bbox 415 1743 548 1823; x_wconf 85' lang='lat' dir='ltr'>ceteris,</span> <span class='ocrx_word' id='word_1_102' title='bbox 565 1758 636 1811; x_wconf 89' lang='lat' dir='ltr'>erat</span> <span class='ocrx_word' id='word_1_103' title='bbox 653 1756 813 1834; x_wconf 90' lang='lat' dir='ltr'>apertum.</span> <span class='ocrx_word' id='word_1_104' title='bbox 828 1741 943 1812; x_wconf 90' lang='lat' dir='ltr'>Multis</span> <span class='ocrx_word' id='word_1_105' title='bbox 959 1745 1044 1812; x_wconf 90' lang='lat' dir='ltr'>enim</span> <span class='ocrx_word' id='word_1_106' title='bbox 1058 1749 1204 1841; x_wconf 83' lang='lat' dir='ltr'>magnis·</span> 
     </span>
     <span class='ocr_line' id='line_1_15' title="bbox 170 1847 1205 1942; baseline 0.006 -27"><span class='ocrx_word' id='word_1_107' title='bbox 170 1869 217 1938; x_wconf 85' lang='lat' dir='ltr'>que</span> <span class='ocrx_word' id='word_1_108' title='bbox 233 1851 352 1917; x_wconf 89' lang='lat' dir='ltr'>meritis</span> <span class='ocrx_word' id='word_1_109' title='bbox 374 1847 463 1942; x_wconf 88' lang='lat' dir='ltr'>apud</span> <span class='ocrx_word' id='word_1_110' title='bbox 481 1872 614 1940; x_wconf 85' lang='lat' dir='ltr'>regem,</span> <span class='ocrx_word' id='word_1_111' title='bbox 638 1850 737 1916; x_wconf 85' lang='lat' dir='ltr'>etiam</span> <span class='ocrx_word' id='word_1_112' title='bbox 754 1873 855 1942; x_wconf 91' lang='lat' dir='ltr'>quum</span> <span class='ocrx_word' id='word_1_113' title='bbox 871 1850 905 1915; x_wconf 92' lang='lat' dir='ltr'>in</span> <span class='ocrx_word' id='word_1_114' title='bbox 926 1849 1040 1919; x_wconf 85' lang='lat' dir='ltr'>officio</span> <span class='ocrx_word' id='word_1_115' title='bbox 1058 1876 1126 1920; x_wconf 90' lang='lat' dir='ltr'>non</span> <span class='ocrx_word' id='word_1_116' title='bbox 1140 1878 1205 1921; x_wconf 88' lang='lat' dir='ltr'>ma·</span> 
     </span>
     <span class='ocr_line' id='line_1_16' title="bbox 171 1953 1204 2046; baseline 0.011 -30"><span class='ocrx_word' id='word_1_117' title='bbox 171 1968 240 2022; x_wconf 76' lang='lat' dir='ltr'>nent</span> <span class='ocrx_word' id='word_1_118' title='bbox 248 2000 265 2040; x_wconf 47' lang='lat' dir='ltr'>,v</span> <span class='ocrx_word' id='word_1_119' title='bbox 274 1953 413 2022; x_wconf 87' lang='lat' dir='ltr'>valebat.</span> <span class='ocrx_word' id='word_1_120' title='bbox 436 1955 551 2046; x_wconf 88' lang='lat' dir='ltr'>Neque</span> <span class='ocrx_word' id='word_1_121' title='bbox 566 1953 598 2020; x_wconf 95' lang='lat' dir='ltr'>id</span> <span class='ocrx_word' id='word_1_122' title='bbox 619 1953 820 2038; x_wconf 90' lang='lat' dir='ltr'>mirandum,</span> <span class='ocrx_word' id='word_1_123' title='bbox 840 1956 866 2023; x_wconf 93' lang='lat' dir='ltr'>si</span> <span class='ocrx_word' id='word_1_124' title='bbox 888 1979 955 2022; x_wconf 92' lang='lat' dir='ltr'>non</span> <span class='ocrx_word' id='word_1_125' title='bbox 969 1955 1063 2023; x_wconf 86' lang='lat' dir='ltr'>facile</span> <span class='ocrx_word' id='word_1_126' title='bbox 1080 1957 1121 2026; x_wconf 90' lang='lat' dir='ltr'>ad</span> <span class='ocrx_word' id='word_1_127' title='bbox 1133 1983 1204 2027; x_wconf 90' lang='lat' dir='ltr'>cre·</span> 
     </span>
     <span class='ocr_line' id='line_1_17' title="bbox 171 2054 1202 2158; baseline 0.011 -36"><span class='ocrx_word' id='word_1_128' title='bbox 171 2054 288 2128; x_wconf 81' lang='lat' dir='ltr'>dadum</span> <span class='ocrx_word' id='word_1_129' title='bbox 309 2059 553 2146; x_wconf 89' lang='lat' dir='ltr'>adducebatur,</span> <span class='ocrx_word' id='word_1_130' title='bbox 574 2061 783 2128; x_wconf 86' lang='lat' dir='ltr'>reminiscens</span> <span class='ocrx_word' id='word_1_131' title='bbox 809 2060 879 2152; x_wconf 87' lang='lat' dir='ltr'>ejus</span> <span class='ocrx_word' id='word_1_132' title='bbox 902 2084 937 2127; x_wconf 88' lang='lat' dir='ltr'>se</span> <span class='ocrx_word' id='word_1_133' title='bbox 955 2084 1055 2154; x_wconf 91' lang='lat' dir='ltr'>opera</span> <span class='ocrx_word' id='word_1_134' title='bbox 1078 2064 1202 2158; x_wconf 84' lang='lat' dir='ltr'>Cyrum</span> 
     </span>
    </p>
   </div>
   <div class='ocr_carea' id='block_1_3' title="bbox 144 2246 1308 4070">
    <p class='ocr_par' dir='ltr' id='par_1_4' title="bbox 144 2246 1308 4070">
     <span class='ocr_line' id='line_1_18' title="bbox 171 2246 1204 2324; baseline 0.008 -22"><span class='ocrx_word' id='word_1_135' title='bbox 171 2246 293 2307; x_wconf 57' lang='lat' dir='ltr'>mauris</span> <span class='ocrx_word' id='word_1_136' title='bbox 304 2265 331 2306; x_wconf 88' lang='lat' dir='ltr'>et</span> <span class='ocrx_word' id='word_1_137' title='bbox 343 2251 409 2323; x_wconf 83' lang='lat' dir='ltr'>Cyri</span> <span class='ocrx_word' id='word_1_138' title='bbox 424 2254 649 2324; x_wconf 81' lang='lat' dir='ltr'>patrc,fecerunt.</span> <span class='ocrx_word' id='word_1_139' title='bbox 696 2272 756 2304; x_wconf 82' lang='lat' dir='ltr'>aera</span> <span class='ocrx_word' id='word_1_140' title='bbox 766 2255 881 2305; x_wconf 76' lang='lat' dir='ltr'>exercitui</span> <span class='ocrx_word' id='word_1_141' title='bbox 891 2254 993 2323; x_wconf 80' lang='lat' dir='ltr'>proesm&#39;t</span> <span class='ocrx_word' id='word_1_142' title='bbox 1004 2252 1095 2307; x_wconf 84' lang='lat' dir='ltr'>Conon.</span> <span class='ocrx_word' id='word_1_143' title='bbox 1108 2255 1204 2323; x_wconf 82' lang='lat' dir='ltr'>Quem,</span> 
     </span>
     <span class='ocr_line' id='line_1_19' title="bbox 171 2330 1204 2406; baseline 0.006 -23"><span class='ocrx_word' id='word_1_144' title='bbox 171 2330 649 2403; x_wconf 49' lang='lat' dir='ltr'>-ttmhetmputtarasaptememtc</span> <span class='ocrx_word' id='word_1_145' title='bbox 696 2332 859 2385; x_wconf 80' lang='lat' dir='ltr'>Pharnabazi</span> <span class='ocrx_word' id='word_1_146' title='bbox 881 2333 1006 2399; x_wconf 85' lang='lat' dir='ltr'>consilio,</span> <span class='ocrx_word' id='word_1_147' title='bbox 1025 2334 1112 2388; x_wconf 82' lang='lat' dir='ltr'>classis</span> <span class='ocrx_word' id='word_1_148' title='bbox 1135 2351 1204 2406; x_wconf 69' lang='lat' dir='ltr'>pra·-</span> 
     </span>
     <span class='ocr_line' id='line_1_20' title="bbox 171 2400 1203 2484; baseline 0.004 -19"><span class='ocrx_word' id='word_1_149' title='bbox 171 2400 281 2465; x_wconf 64' lang='lat' dir='ltr'>ptrraraun</span> <span class='ocrx_word' id='word_1_150' title='bbox 291 2412 650 2484; x_wconf 68' lang='lat' dir='ltr'>prelectmcuiregisjussu,</span> <span class='ocrx_word' id='word_1_151' title='bbox 696 2412 793 2464; x_wconf 86' lang='lat' dir='ltr'>lectum</span> <span class='ocrx_word' id='word_1_152' title='bbox 815 2413 929 2465; x_wconf 86' lang='lat' dir='ltr'>instituit</span> <span class='ocrx_word' id='word_1_153' title='bbox 952 2415 1115 2468; x_wconf 80' lang='lat' dir='ltr'>Artaxerxes.</span> <span class='ocrx_word' id='word_1_154' title='bbox 1132 2415 1203 2469; x_wconf 84' lang='lat' dir='ltr'>Vide</span> 
     </span>
     <span class='ocr_line' id='line_1_21' title="bbox 170 2489 1142 2563; baseline 0.004 -20"><span class='ocrx_word' id='word_1_155' title='bbox 170 2499 254 2559; x_wconf 60' lang='grc' dir='ltr'>νομεῖ</span> <span class='ocrx_word' id='word_1_156' title='bbox 265 2489 428 2563; x_wconf 83' lang='lat' dir='ltr'>proditionis</span> <span class='ocrx_word' id='word_1_157' title='bbox 443 2491 558 2554; x_wconf 64' lang='lat' dir='ltr'>crimem</span> <span class='ocrx_word' id='word_1_158' title='bbox 573 2502 652 2561; x_wconf 86' lang='lat' dir='ltr'>caput</span> <span class='ocrx_word' id='word_1_159' title='bbox 696 2490 859 2557; x_wconf 87' lang='lat' dir='ltr'>Diodorum,</span> <span class='ocrx_word' id='word_1_160' title='bbox 870 2504 896 2544; x_wconf 87' lang='lat' dir='ltr'>et</span> <span class='ocrx_word' id='word_1_161' title='bbox 911 2493 1062 2557; x_wconf 79' lang='lat' dir='ltr'>lustinum,</span> <span class='ocrx_word' id='word_1_162' title='bbox 1075 2492 1142 2547; x_wconf 89' lang='lat' dir='ltr'>ibid.</span> 
     </span>
     <span class='ocr_line' id='line_1_22' title="bbox 167 2563 1201 2641; baseline 0.002 -18"><span class='ocrx_word' id='word_1_163' title='bbox 167 2563 283 2623; x_wconf 66' lang='lat' dir='ltr'>¹liciarum</span> <span class='ocrx_word' id='word_1_164' title='bbox 299 2583 346 2623; x_wconf 86' lang='lat' dir='ltr'>est.</span> <span class='ocrx_word' id='word_1_165' title='bbox 364 2602 404 2613; x_wconf 89' lang='lat'>-</span> <span class='ocrx_word' id='word_1_166' title='bbox 416 2571 505 2638; x_wconf 76' lang='lat' dir='ltr'>(tut...</span> <span class='ocrx_word' id='word_1_167' title='bbox 524 2569 649 2637; x_wconf 76' lang='lat' dir='ltr'>defecerat.</span> <span class='ocrx_word' id='word_1_168' title='bbox 736 2577 761 2633; x_wconf 70' lang='grc'>4.</span> <span class='ocrx_word' id='word_1_169' title='bbox 777 2571 925 2641; x_wconf 69' lang='lat' dir='ltr'>Agesilaum.</span> <span class='ocrx_word' id='word_1_170' title='bbox 939 2569 1201 2625; x_wconf 82' lang='lat' dir='ltr'>Lacedaemoniorum</span> 
     </span>
     <span class='ocr_line' id='line_1_23' title="bbox 165 2635 1201 2722; baseline 0.002 -21"><span class='ocrx_word' id='word_1_171' title='bbox 165 2635 228 2701; x_wconf 61' lang='lat' dir='ltr'>Pida</span> <span class='ocrx_word' id='word_1_172' title='bbox 246 2651 321 2703; x_wconf 87' lang='lat' dir='ltr'>aliter</span> <span class='ocrx_word' id='word_1_173' title='bbox 341 2649 510 2720; x_wconf 83' lang='lat' dir='ltr'>Xenophon,</span> <span class='ocrx_word' id='word_1_174' title='bbox 524 2651 584 2701; x_wconf 86' lang='lat' dir='ltr'>Rer.</span> <span class='ocrx_word' id='word_1_175' title='bbox 602 2648 648 2701; x_wconf 91' lang='lat' dir='ltr'>Gr.</span> <span class='ocrx_word' id='word_1_176' title='bbox 694 2646 954 2703; x_wconf 78' lang='lat' dir='ltr'>ducem—Obstitit.</span> <span class='ocrx_word' id='word_1_177' title='bbox 967 2650 1109 2722; x_wconf 85' lang='lat' dir='ltr'>Inprimis,</span> <span class='ocrx_word' id='word_1_178' title='bbox 1118 2669 1201 2722; x_wconf 85' lang='lat' dir='ltr'>quum</span> 
     </span>
     <span class='ocr_line' id='line_1_24' title="bbox 161 2717 1200 2799; baseline 0.001 -17"><span class='ocrx_word' id='word_1_179' title='bbox 161 2717 210 2791; x_wconf 68' lang='lat'>111}</span> <span class='ocrx_word' id='word_1_180' title='bbox 224 2727 370 2793; x_wconf 82' lang='lat' dir='ltr'>Diodorus,</span> <span class='ocrx_word' id='word_1_181' title='bbox 388 2728 465 2793; x_wconf 89' lang='lat' dir='ltr'>XIV,</span> <span class='ocrx_word' id='word_1_182' title='bbox 481 2731 535 2792; x_wconf 83' lang='lat' dir='ltr'>so,</span> <span class='ocrx_word' id='word_1_183' title='bbox 549 2741 575 2781; x_wconf 89' lang='lat' dir='ltr'>et</span> <span class='ocrx_word' id='word_1_184' title='bbox 589 2728 649 2781; x_wconf 87' lang='lat' dir='ltr'>Jus·</span> <span class='ocrx_word' id='word_1_185' title='bbox 694 2726 830 2780; x_wconf 82' lang='lat' dir='ltr'>Persarum</span> <span class='ocrx_word' id='word_1_186' title='bbox 843 2729 898 2799; x_wconf 76' lang='lat' dir='ltr'>regi</span> <span class='ocrx_word' id='word_1_187' title='bbox 909 2729 1038 2795; x_wconf 89' lang='lat' dir='ltr'>suasit,ut</span> <span class='ocrx_word' id='word_1_188' title='bbox 1048 2728 1200 2783; x_wconf 68' lang='lat' dir='ltr'>Grncarum</span> 
     </span>
     <span class='ocr_line' id='line_1_25' title="bbox 159 2802 1200 2879; baseline 0.006 -23"><span class='ocrx_word' id='word_1_189' title='bbox 159 2802 239 2874; x_wconf 64' lang='lat' dir='ltr'>tinus,</span> <span class='ocrx_word' id='word_1_190' title='bbox 255 2809 307 2874; x_wconf 82' lang='lat' dir='ltr'>Vl,</span> <span class='ocrx_word' id='word_1_191' title='bbox 332 2827 363 2871; x_wconf 86' lang='lat' dir='ltr'>s,</span> <span class='ocrx_word' id='word_1_192' title='bbox 383 2809 427 2879; x_wconf 91' lang='lat' dir='ltr'>qui</span> <span class='ocrx_word' id='word_1_193' title='bbox 448 2807 649 2878; x_wconf 83' lang='lat' dir='ltr'>Tissaphernem</span> <span class='ocrx_word' id='word_1_194' title='bbox 693 2807 829 2860; x_wconf 84' lang='lat' dir='ltr'>civitatum</span> <span class='ocrx_word' id='word_1_195' title='bbox 848 2809 1047 2861; x_wconf 87' lang='lat' dir='ltr'>concionatores</span> <span class='ocrx_word' id='word_1_196' title='bbox 1061 2826 1126 2860; x_wconf 88' lang='lat' dir='ltr'>auro</span> <span class='ocrx_word' id='word_1_197' title='bbox 1142 2827 1200 2862; x_wconf 88' lang='lat' dir='ltr'>cor-</span> 
     </span>
     <span class='ocr_line' id='line_1_26' title="bbox 157 2878 1198 2959; baseline 0.002 -20"><span class='ocrx_word' id='word_1_198' title='bbox 157 2878 298 2940; x_wconf 54' lang='lat' dir='ltr'>Quum</span> <span class='ocrx_word' id='word_1_199' title='bbox 318 2888 373 2959; x_wconf 72' lang='lat' dir='ltr'>regi</span> <span class='ocrx_word' id='word_1_200' title='bbox 392 2885 485 2950; x_wconf 82' lang='lat' dir='ltr'>luisse,</span> <span class='ocrx_word' id='word_1_201' title='bbox 510 2885 556 2939; x_wconf 88' lang='lat' dir='ltr'>sed</span> <span class='ocrx_word' id='word_1_202' title='bbox 584 2887 648 2939; x_wconf 85' lang='lat' dir='ltr'>alio·</span> <span class='ocrx_word' id='word_1_203' title='bbox 692 2898 837 2958; x_wconf 85' lang='lat' dir='ltr'>rumperet.</span> <span class='ocrx_word' id='word_1_204' title='bbox 861 2889 901 2938; x_wconf 90' lang='lat' dir='ltr'>De</span> <span class='ocrx_word' id='word_1_205' title='bbox 918 2905 972 2958; x_wconf 86' lang='lat' dir='ltr'>quo</span> <span class='ocrx_word' id='word_1_206' title='bbox 993 2887 1147 2958; x_wconf 74' lang='lat' dir='ltr'>Polyaenus,</span> <span class='ocrx_word' id='word_1_207' title='bbox 1170 2890 1198 2954; x_wconf 77' lang='lat'>13</span> 
     </span>
     <span class='ocr_line' id='line_1_27' title="bbox 153 2964 1199 3035; baseline 0.003 -18"><span class='ocrx_word' id='word_1_208' title='bbox 153 2970 208 3017; x_wconf 70' lang='lat' dir='ltr'>&#39;aar</span> <span class='ocrx_word' id='word_1_209' title='bbox 227 2966 453 3020; x_wconf 83' lang='lat' dir='ltr'>criminationibus</span> <span class='ocrx_word' id='word_1_210' title='bbox 469 2985 587 3019; x_wconf 85' lang='lat' dir='ltr'>eversum</span> <span class='ocrx_word' id='word_1_211' title='bbox 608 2967 648 3017; x_wconf 89' lang='lat' dir='ltr'>in·</span> <span class='ocrx_word' id='word_1_212' title='bbox 693 2964 863 3029; x_wconf 80' lang='lat' dir='ltr'>Plutarchus,</span> <span class='ocrx_word' id='word_1_213' title='bbox 875 2966 1030 3029; x_wconf 77' lang='lat' dir='ltr'>Artaxerxe3</span> <span class='ocrx_word' id='word_1_214' title='bbox 1045 2966 1199 3035; x_wconf 80' lang='lat' dir='ltr'>Pausanias,</span> 
     </span>
     <span class='ocr_line' id='line_1_28' title="bbox 151 3043 1197 3117; baseline -0.001 -17"><span class='ocrx_word' id='word_1_215' title='bbox 151 3050 237 3100; x_wconf 55' lang='lat' dir='ltr'>Qua</span> <span class='ocrx_word' id='word_1_216' title='bbox 248 3045 329 3100; x_wconf 83' lang='lat' dir='ltr'>Unde</span> <span class='ocrx_word' id='word_1_217' title='bbox 340 3045 426 3098; x_wconf 83' lang='lat' dir='ltr'>videri</span> <span class='ocrx_word' id='word_1_218' title='bbox 441 3046 523 3117; x_wconf 84' lang='lat' dir='ltr'>possit</span> <span class='ocrx_word' id='word_1_219' title='bbox 543 3045 649 3097; x_wconf 82' lang='lat' dir='ltr'>societa-</span> <span class='ocrx_word' id='word_1_220' title='bbox 691 3044 837 3096; x_wconf 88' lang='lat' dir='ltr'>Laconicis.</span> <span class='ocrx_word' id='word_1_221' title='bbox 848 3045 955 3116; x_wconf 87' lang='lat' dir='ltr'>Quippe</span> <span class='ocrx_word' id='word_1_222' title='bbox 966 3043 1008 3096; x_wconf 90' lang='lat' dir='ltr'>his</span> <span class='ocrx_word' id='word_1_223' title='bbox 1022 3046 1123 3097; x_wconf 86' lang='lat' dir='ltr'>artibus</span> <span class='ocrx_word' id='word_1_224' title='bbox 1133 3064 1197 3099; x_wconf 91' lang='lat' dir='ltr'>con·</span> 
     </span>
     <span class='ocr_line' id='line_1_29' title="bbox 152 3122 1198 3179; baseline 0.001 -2"><span class='ocrx_word' id='word_1_225' title='bbox 152 3124 223 3177; x_wconf 67' lang='lat' dir='ltr'>huni</span> <span class='ocrx_word' id='word_1_226' title='bbox 235 3124 507 3179; x_wconf 72' lang='lat' dir='ltr'>cumlacedoemoniis</span> <span class='ocrx_word' id='word_1_227' title='bbox 515 3125 648 3177; x_wconf 82' lang='lat' dir='ltr'>simulasse</span> <span class='ocrx_word' id='word_1_228' title='bbox 692 3122 1198 3178; x_wconf 69' lang='lat' dir='ltr'>flatumeutaoedaemonitsbetlumuo-</span> 
     </span>
     <span class='ocr_line' id='line_1_30' title="bbox 150 3202 1198 3278; baseline 0.001 -21"><span class='ocrx_word' id='word_1_229' title='bbox 150 3204 245 3269; x_wconf 70' lang='lat' dir='ltr'>Fabae,</span> <span class='ocrx_word' id='word_1_230' title='bbox 256 3224 334 3278; x_wconf 81' lang='lat' dir='ltr'>qaam</span> <span class='ocrx_word' id='word_1_231' title='bbox 353 3222 444 3258; x_wconf 85' lang='lat' dir='ltr'>revera</span> <span class='ocrx_word' id='word_1_232' title='bbox 457 3204 557 3256; x_wconf 82' lang='lat' dir='ltr'>coiisse.</span> <span class='ocrx_word' id='word_1_233' title='bbox 574 3203 649 3256; x_wconf 90' lang='lat' dir='ltr'>Cete-</span> <span class='ocrx_word' id='word_1_234' title='bbox 691 3202 842 3265; x_wconf 87' lang='lat' dir='ltr'>mesticum,</span> <span class='ocrx_word' id='word_1_235' title='bbox 854 3203 1021 3274; x_wconf 82' lang='lat' dir='ltr'>revocatiqua</span> <span class='ocrx_word' id='word_1_236' title='bbox 1028 3202 1061 3257; x_wconf 91' lang='lat' dir='ltr'>ad</span> <span class='ocrx_word' id='word_1_237' title='bbox 1068 3222 1112 3255; x_wconf 82' lang='lat' dir='ltr'>sua</span> <span class='ocrx_word' id='word_1_238' title='bbox 1125 3217 1198 3258; x_wconf 84' lang='lat' dir='ltr'>tuen·</span> 
     </span>
     <span class='ocr_line' id='line_1_31' title="bbox 150 3280 1181 3353; baseline 0.005 -19"><span class='ocrx_word' id='word_1_239' title='bbox 150 3287 217 3346; x_wconf 59' lang='lat' dir='ltr'>Nn,</span> <span class='ocrx_word' id='word_1_240' title='bbox 231 3284 294 3337; x_wconf 85' lang='lat' dir='ltr'>leste</span> <span class='ocrx_word' id='word_1_241' title='bbox 310 3283 470 3347; x_wconf 85' lang='lat' dir='ltr'>Plutarcho,</span> <span class='ocrx_word' id='word_1_242' title='bbox 483 3282 566 3334; x_wconf 90' lang='lat' dir='ltr'>homo</span> <span class='ocrx_word' id='word_1_243' title='bbox 586 3300 646 3353; x_wconf 85' lang='lat' dir='ltr'>per-</span> <span class='ocrx_word' id='word_1_244' title='bbox 690 3280 723 3331; x_wconf 88' lang='lat' dir='ltr'>da</span> <span class='ocrx_word' id='word_1_245' title='bbox 733 3318 741 3343; x_wconf 89' lang='lat'>‚</span> <span class='ocrx_word' id='word_1_246' title='bbox 753 3281 798 3352; x_wconf 88' lang='lat' dir='ltr'>qui</span> <span class='ocrx_word' id='word_1_247' title='bbox 812 3282 895 3334; x_wconf 87' lang='lat' dir='ltr'>aliena</span> <span class='ocrx_word' id='word_1_248' title='bbox 908 3282 1064 3336; x_wconf 83' lang='lat' dir='ltr'>invaserant.</span> <span class='ocrx_word' id='word_1_249' title='bbox 1078 3285 1181 3339; x_wconf 78' lang='lat' dir='ltr'>Bostm.</span> 
     </span>
     <span class='ocr_line' id='line_1_32' title="bbox 146 3350 1270 3432; baseline 0.004 -17"><span class='ocrx_word' id='word_1_250' title='bbox 146 3350 229 3428; x_wconf 59' lang='lat' dir='ltr'>ditas,</span> <span class='ocrx_word' id='word_1_251' title='bbox 246 3377 272 3416; x_wconf 87' lang='lat' dir='ltr'>et</span> <span class='ocrx_word' id='word_1_252' title='bbox 287 3364 412 3416; x_wconf 74' lang='lat' dir='ltr'>aninmo</span> <span class='ocrx_word' id='word_1_253' title='bbox 428 3362 582 3414; x_wconf 80' lang='lat' dir='ltr'>Graecorum</span> <span class='ocrx_word' id='word_1_254' title='bbox 602 3380 646 3432; x_wconf 74' lang='lat' dir='ltr'>ge·</span> <span class='ocrx_word' id='word_1_255' title='bbox 732 3360 756 3413; x_wconf 81' lang='lat'>5.</span> <span class='ocrx_word' id='word_1_256' title='bbox 767 3362 878 3414; x_wconf 80' lang='lat' dir='ltr'>Asiam...</span> <span class='ocrx_word' id='word_1_257' title='bbox 889 3373 962 3414; x_wconf 84' lang='lat' dir='ltr'>tenus.</span> <span class='ocrx_word' id='word_1_258' title='bbox 974 3363 1193 3427; x_wconf 83' lang='lat' dir='ltr'>Ioniamscilicct‚</span> <span class='ocrx_word' id='word_1_259' title='bbox 1265 3390 1270 3400; x_wconf 93' lang='lat'><em>·</em></span> 
     </span>
     <span class='ocr_line' id='line_1_33' title="bbox 144 3441 1193 3514; baseline 0.004 -21"><span class='ocrx_word' id='word_1_260' title='bbox 144 3441 206 3493; x_wconf 58' lang='lat' dir='ltr'>”td</span> <span class='ocrx_word' id='word_1_261' title='bbox 222 3442 403 3495; x_wconf 63' lang='lat' dir='ltr'>infestissimus</span> <span class='ocrx_word' id='word_1_262' title='bbox 427 3443 478 3494; x_wconf 90' lang='lat' dir='ltr'>luit</span> <span class='ocrx_word' id='word_1_263' title='bbox 493 3442 646 3513; x_wconf 89' lang='lat' dir='ltr'>Tissapher·</span> <span class='ocrx_word' id='word_1_264' title='bbox 690 3441 1193 3514; x_wconf 80' lang='lat' dir='ltr'>AEoliam,Cariam,Lyciam‚Lydiam,</span> 
     </span>
     <span class='ocr_line' id='line_1_34' title="bbox 144 3519 1192 3599; baseline 0.004 -27"><span class='ocrx_word' id='word_1_265' title='bbox 144 3522 203 3599; x_wconf 49' lang='lat' dir='ltr'>Pes</span> <span class='ocrx_word' id='word_1_266' title='bbox 215 3520 268 3574; x_wconf 85' lang='lat' dir='ltr'>imo</span> <span class='ocrx_word' id='word_1_267' title='bbox 280 3522 411 3594; x_wconf 85' lang='lat' dir='ltr'>Nepotem</span> <span class='ocrx_word' id='word_1_268' title='bbox 426 3540 514 3574; x_wconf 68' lang='lat' dir='ltr'>mcum</span> <span class='ocrx_word' id='word_1_269' title='bbox 529 3539 646 3592; x_wconf 73' lang='lat' dir='ltr'>pugnare</span> <span class='ocrx_word' id='word_1_270' title='bbox 690 3519 830 3591; x_wconf 76' lang='lat' dir='ltr'>Phrygiam</span> <span class='ocrx_word' id='word_1_271' title='bbox 851 3534 877 3574; x_wconf 86' lang='lat' dir='ltr'>et</span> <span class='ocrx_word' id='word_1_272' title='bbox 895 3520 1055 3593; x_wconf 77' lang='lat' dir='ltr'>Pamphyliae</span> <span class='ocrx_word' id='word_1_273' title='bbox 1070 3536 1192 3593; x_wconf 83' lang='lat' dir='ltr'>partem,</span> 
     </span>
     <span class='ocr_line' id='line_1_35' title="bbox 148 3600 1208 3672; baseline 0.003 -19"><span class='ocrx_word' id='word_1_274' title='bbox 148 3604 185 3646; x_wconf 81' lang='lat'>¹1¹</span> <span class='ocrx_word' id='word_1_275' title='bbox 200 3601 322 3671; x_wconf 65' lang='lat' dir='ltr'>Agesilso,</span> <span class='ocrx_word' id='word_1_276' title='bbox 348 3602 394 3665; x_wconf 89' lang='lat'>11,</span> <span class='ocrx_word' id='word_1_277' title='bbox 423 3613 547 3672; x_wconf 83' lang='lat' dir='ltr'>apparet,</span> <span class='ocrx_word' id='word_1_278' title='bbox 573 3600 644 3652; x_wconf 91' lang='lat' dir='ltr'>ubi:</span> <span class='ocrx_word' id='word_1_279' title='bbox 689 3617 753 3669; x_wconf 83' lang='lat' dir='ltr'>quas</span> <span class='ocrx_word' id='word_1_280' title='bbox 763 3600 897 3670; x_wconf 77' lang='lat' dir='ltr'>regiones,</span> <span class='ocrx_word' id='word_1_281' title='bbox 911 3601 938 3652; x_wconf 88' lang='lat' dir='ltr'>in</span> <span class='ocrx_word' id='word_1_282' title='bbox 954 3619 1017 3672; x_wconf 87' lang='lat' dir='ltr'>pace</span> <span class='ocrx_word' id='word_1_283' title='bbox 1029 3619 1089 3653; x_wconf 90' lang='lat' dir='ltr'>cum</span> <span class='ocrx_word' id='word_1_284' title='bbox 1103 3604 1208 3660; x_wconf 70' lang='lat' dir='ltr'>harim.</span> 
     </span>
     <span class='ocr_line' id='line_1_36' title="bbox 155 3675 1191 3751; baseline 0.003 -20"><span class='ocrx_word' id='word_1_285' title='bbox 155 3693 172 3716; x_wconf 66' lang='lat'>³</span> <span class='ocrx_word' id='word_1_286' title='bbox 184 3675 355 3751; x_wconf 66' lang='lat' dir='ltr'>&#39;Euphemes</span> <span class='ocrx_word' id='word_1_287' title='bbox 374 3678 492 3733; x_wconf 85' lang='lat' dir='ltr'>inducias</span> <span class='ocrx_word' id='word_1_288' title='bbox 509 3699 523 3731; x_wconf 91' lang='lat' dir='ltr'>a</span> <span class='ocrx_word' id='word_1_289' title='bbox 543 3681 646 3731; x_wconf 49' lang='lat' dir='ltr'>liacone</span> <span class='ocrx_word' id='word_1_290' title='bbox 689 3678 740 3730; x_wconf 89' lang='lat' dir='ltr'>cho</span> <span class='ocrx_word' id='word_1_291' title='bbox 757 3679 835 3743; x_wconf 87' lang='lat' dir='ltr'>inita,</span> <span class='ocrx_word' id='word_1_292' title='bbox 847 3680 934 3732; x_wconf 80' lang='lat' dir='ltr'>Asiam</span> <span class='ocrx_word' id='word_1_293' title='bbox 954 3681 991 3733; x_wconf 91' lang='lat' dir='ltr'>cis</span> <span class='ocrx_word' id='word_1_294' title='bbox 1003 3681 1120 3734; x_wconf 87' lang='lat' dir='ltr'>Taurum</span> <span class='ocrx_word' id='word_1_295' title='bbox 1138 3686 1191 3735; x_wconf 86' lang='lat' dir='ltr'>llo·</span> 
     </span>
     <span class='ocr_line' id='line_1_37' title="bbox 153 3741 1191 3831; baseline 0.008 -26"><span class='ocrx_word' id='word_1_296' title='bbox 153 3741 275 3825; x_wconf 64' lang='lat' dir='ltr'>(Agesilao</span> <span class='ocrx_word' id='word_1_297' title='bbox 281 3772 291 3823; x_wconf 83' lang='lat'><em>)</em></span> <span class='ocrx_word' id='word_1_298' title='bbox 299 3761 406 3831; x_wconf 83' lang='lat' dir='ltr'>petivit;</span> <span class='ocrx_word' id='word_1_299' title='bbox 415 3760 540 3811; x_wconf 81' lang='lat' dir='ltr'>simulans</span> <span class='ocrx_word' id='word_1_300' title='bbox 547 3777 574 3811; x_wconf 88' lang='lat' dir='ltr'>se</span> <span class='ocrx_word' id='word_1_301' title='bbox 583 3756 645 3810; x_wconf 84' lang='lat' dir='ltr'>dare</span> <span class='ocrx_word' id='word_1_302' title='bbox 689 3759 759 3810; x_wconf 91' lang='lat' dir='ltr'>rnaui</span> <span class='ocrx_word' id='word_1_303' title='bbox 770 3772 865 3811; x_wconf 86' lang='lat' dir='ltr'>vocant</span> <span class='ocrx_word' id='word_1_304' title='bbox 872 3778 913 3830; x_wconf 88' lang='lat' dir='ltr'>ap.</span> <span class='ocrx_word' id='word_1_305' title='bbox 922 3761 1036 3824; x_wconf 86' lang='lat' dir='ltr'>Livium,</span> <span class='ocrx_word' id='word_1_306' title='bbox 1046 3762 1191 3826; x_wconf 80' lang='lat' dir='ltr'>XXXVII,</span> 
     </span>
     <span class='ocr_line' id='line_1_38' title="bbox 154 3837 1192 3904; baseline 0.003 -16"><span class='ocrx_word' id='word_1_307' title='bbox 154 3842 272 3904; x_wconf 56' lang='lat' dir='ltr'>worm,</span> <span class='ocrx_word' id='word_1_308' title='bbox 294 3851 322 3891; x_wconf 89' lang='lat' dir='ltr'>ut</span> <span class='ocrx_word' id='word_1_309' title='bbox 352 3837 556 3892; x_wconf 83' lang='lat' dir='ltr'>Lacedaemoniis</span> <span class='ocrx_word' id='word_1_310' title='bbox 584 3856 643 3888; x_wconf 91' lang='lat' dir='ltr'>cum</span> <span class='ocrx_word' id='word_1_311' title='bbox 691 3838 736 3901; x_wconf 67' lang='grc'>45.</span> <span class='ocrx_word' id='word_1_312' title='bbox 751 3839 818 3888; x_wconf 88' lang='lat' dir='ltr'>Nam</span> <span class='ocrx_word' id='word_1_313' title='bbox 841 3840 964 3891; x_wconf 87' lang='lat' dir='ltr'>aTauro</span> <span class='ocrx_word' id='word_1_314' title='bbox 979 3838 1192 3891; x_wconf 63' lang='lat' dir='ltr'>momentaeis</span> 
     </span>
     <span class='ocr_line' id='line_1_39' title="bbox 162 3915 1191 3983; baseline 0.001 -14"><span class='ocrx_word' id='word_1_315' title='bbox 162 3922 216 3978; x_wconf 60' lang='grc' dir='ltr'>ηε</span> <span class='ocrx_word' id='word_1_316' title='bbox 226 3919 381 3983; x_wconf 84' lang='lat' dir='ltr'>conveniret,</span> <span class='ocrx_word' id='word_1_317' title='bbox 394 3938 424 3971; x_wconf 86' lang='lat' dir='ltr'>re</span> <span class='ocrx_word' id='word_1_318' title='bbox 438 3931 525 3970; x_wconf 86' lang='lat' dir='ltr'>autem</span> <span class='ocrx_word' id='word_1_319' title='bbox 539 3935 598 3969; x_wconf 84' lang='lat' dir='ltr'>vera</span> <span class='ocrx_word' id='word_1_320' title='bbox 611 3915 644 3968; x_wconf 85' lang='lat' dir='ltr'>ad</span> <span class='ocrx_word' id='word_1_321' title='bbox 689 3929 714 3969; x_wconf 87' lang='lat' dir='ltr'>et</span> <span class='ocrx_word' id='word_1_322' title='bbox 726 3929 796 3968; x_wconf 88' lang='lat' dir='ltr'>trans</span> <span class='ocrx_word' id='word_1_323' title='bbox 807 3917 923 3969; x_wconf 83' lang='lat' dir='ltr'>&#39;Taurum</span> <span class='ocrx_word' id='word_1_324' title='bbox 933 3917 1014 3970; x_wconf 78' lang='lat' dir='ltr'>divisa</span> <span class='ocrx_word' id='word_1_325' title='bbox 1024 3915 1191 3972; x_wconf 67' lang='lat' dir='ltr'>diciturftzs.</span> 
     </span>
     <span class='ocr_line' id='line_1_40' title="bbox 168 3990 1308 4070; baseline -0.003 -21"><span class='ocrx_word' id='word_1_326' title='bbox 168 3990 238 4057; x_wconf 57' lang='lat' dir='ltr'>millu</span> <span class='ocrx_word' id='word_1_327' title='bbox 243 3996 432 4070; x_wconf 81' lang='lat' dir='ltr'>comparandas.</span> <span class='ocrx_word' id='word_1_328' title='bbox 445 4024 456 4044; x_wconf 76' lang='grc' dir='ltr'>ι</span> <span class='ocrx_word' id='word_1_329' title='bbox 466 3998 547 4049; x_wconf 77' lang='lat' dir='ltr'>-Re</span> <span class='ocrx_word' id='word_1_330' title='bbox 553 3997 645 4069; x_wconf 79' lang='lat' dir='ltr'>quidem</span> <span class='ocrx_word' id='word_1_331' title='bbox 722 4000 747 4048; x_wconf 80' lang='lat' dir='ltr'>a.</span> <span class='ocrx_word' id='word_1_332' title='bbox 757 3995 998 4048; x_wconf 77' lang='lat' dir='ltr'>ilemcutmest.Vid.</span> <span class='ocrx_word' id='word_1_333' title='bbox 1007 3997 1034 4046; x_wconf 89' lang='lat' dir='ltr'>in</span> <span class='ocrx_word' id='word_1_334' title='bbox 1041 3995 1193 4065; x_wconf 60' lang='lat' dir='ltr'>affecittv,</span> <span class='ocrx_word' id='word_1_335' title='bbox 1306 4007 1308 4013; x_wconf 84' lang='lat'>&#39;</span> 
     </span>
    </p>
   </div>
   <div class='ocr_carea' id='block_1_4' title="bbox 977 4117 996 4186">
    <p class='ocr_par' dir='ltr' id='par_1_5' title="bbox 977 4117 996 4186">
     <span class='ocr_line' id='line_1_41' title="bbox 977 4117 996 4186; baseline 0 0"><span class='ocrx_word' id='word_1_336' title='bbox 977 4117 996 4186; x_wconf 89' lang='grc'><strong>7</strong></span> 
     </span>
    </p>
   </div>
   <div class='ocr_carea' id='block_1_5' title="bbox 0 0 1358 4770">
    <p class='ocr_par' dir='ltr' id='par_1_6' title="bbox 0 0 1358 4770">
     <span class='ocr_line' id='line_1_42' title="bbox 0 0 1358 4770; baseline 0 2"><span class='ocrx_word' id='word_1_337' title='bbox 0 0 1358 4770; x_wconf 95' lang='lat' dir='ltr'> </span> 
     </span>
    </p>
   </div>
  </div>
 </body>
</html>
