2706 4770
53 378 107 397 w
113 376 1120 412 mmmmmfflfflfflmmmfflmfflm

40 615 46 626 ·
137 575 594 706 CORNELII
646 582 1039 715 NEPOTIS

62 861 201 950 CUM
242 863 643 955 PLUTARCHO
682 867 1120 985 COMPARATIQ

340 1111 593 1180 lucrosa
619 1112 657 1180 a.
686 1113 725 1180 a.
754 1103 840 1199 am,

413 1344 513 1392 OPUS
546 1344 764 1393 INEDITUM.

288 1539 894 1576 b—b-QOQ———q

60 1701 194 1829 Quurs
203 1753 461 1824 praeclarissimorum
472 1753 626 1809 Grecorum
636 1754 752 1807 facinora
760 1757 814 1824 jam
827 1769 972 1810 enarrasset
983 1758 1121 1813 Cornelius

57 1835 167 1904 Nepos:
183 1834 237 1886 Nos
255 1845 343 1902 tempus
354 1845 400 1895 ese,
416 1834 503 1904 inquit
518 1829 646 1896 (Hesus.
663 1832 751 1898 xm),
765 1835 923 1888 Romarsarum
942 1839 1060 1908 explicare
1076 1845 1120 1891 irr-

54 1926 177 1984 peratores
185 1933 195 1974 ,·
212 1933 259 1984 quo
270 1913 388 1979 facilius,
401 1914 495 1965 collatis
508 1925 658 1985 utrorumque
670 1916 761 1980 sactis.
781 1918 822 1985 qui
834 1919 885 1967 oiri
895 1919 1041 1986 praeferendi
1056 1922 1119 1980 siat,

52 1997 132 2063 possit
140 1993 257 2062 judicari.
277 1993 335 2057 Qua
352 1993 453 2047 ratione
469 1994 636 2064 propositum
648 1991 716 2045 illud
733 1993 889 2064 perfecerit,
906 1996 1043 2064 ignotum,
1058 2016 1120 2051 nam

56 2073 239 2125 Romanorum
255 2072 316 2124 viter
331 2073 453 2144 periere;
471 2070 520 2125 sed
536 2091 595 2126 eam
615 2072 694 2126 fnisse
715 2072 872 2124 sententiam
889 2073 1069 2140 crediderim,
1090 2096 1122 2130 er

57 2170 127 2221 qua,
139 2152 222 2204 veluti
234 2171 249 2204 e
263 2152 335 2205 fonte
349 2151 480 2223 quodam,
492 2152 614 2205 exierunt
625 2166 653 2204 et
665 2152 693 2204 in
706 2152 793 2204 lucem
803 2166 932 2206 venerunt
945 2154 974 2205 V
972 2158 1012 2206 itoe
1020 2155 1123 2210 Plutar-

56 2231 102 2283 chi
110 2232 245 2300 parallelae.
262 2231 344 2297 Quod
355 2233 428 2284 enim
437 2232 581 2285 lectoribus
592 2233 648 2284 suis
656 2244 773 2285 suaserat
781 2232 941 2286 Veronensis
952 2247 983 2287 ut
994 2234 1122 2304 facerent,

57 2310 220 2364 Cheroncus
231 2313 287 2382 ipse
296 2312 365 2365 secie
374 2313 408 2364 Et
419 2325 489 2365 certe
500 2310 568 2364 nihil
578 2312 718 2383 excogitari
729 2323 829 2382 potest,
839 2311 913 2383 quod
923 2314 1042 2384 gendum
1052 2317 1123 2369 siro·

55 2408 170 2461 rumque
192 2409 278 2444 mores
296 2403 323 2444 et
343 2392 409 2444 facta
430 2392 524 2445 melius
542 2403 602 2445 ante
621 2393 712 2450 oculos
728 2392 856 2464 explicet,
869 2411 949 2463 quam
966 2395 989 2446 si
1006 2413 1036 2446 ea
1051 2414 1120 2448 sanc

56 2471 153 2522 mentis
166 2483 192 2522 et
205 2471 346 2523 acutissimi
361 2469 455 2542 judicii
472 2472 547 2524 lance
562 2469 707 2542 ponderata
724 2472 877 2535 libraveris3
892 2472 959 2523 nihil
975 2470 1049 2542 quod
1064 2493 1120 2527 mc-

56 2549 149 2601 morioe
161 2550 293 2603 efficacius
304 2564 453 2611 succurrat,
465 2569 545 2621 quam
558 2550 596 2614 si,
609 2562 752 2621 postquam
761 2568 809 2602 suo
823 2567 933 2619 querque
947 2551 1006 2601 loco
1020 2548 1120 2619 digesta

56 2647 86 2681 ac
108 2627 239 2699 disposita
257 2630 430 2695 lectitaveris,
451 2648 482 2683 ea
501 2628 592 2680 omnia
608 2640 747 2698 repetere,
767 2640 845 2697 atque
857 2645 911 2679 uno
931 2627 1004 2697 quasi
1025 2629 1122 2683 obtutu

54 2708 141 2778 possis
154 2709 285 2780 amplecti.
300 2709 349 2760 His
364 2727 426 2780 ergo
439 2708 473 2760 de
483 2707 567 2761 causis
581 2725 630 2760 nos
647 2724 754 2777 quoque
771 2705 924 2758 Cornelium
942 2707 1073 2777 Nepotem
1095 2721 1122 2762 et

55 2787 229 2840 Plutarchum
243 2791 314 2841 intcr
326 2807 352 2840 se
366 2788 486 2841 conferre
501 2805 556 2840 non
570 2786 664 2840 inutile
679 2785 843 2845 censuimus,
858 2802 942 2855 quum
954 2786 1037 2838 multa
1051 2787 1122 2840 simi·

54 2867 90 2918 lia
109 2867 239 2932 habeant,
255 2867 380 2920 differant
396 2868 424 2919 in
441 2866 579 2939 pluribus,
595 2884 731 2938 qurumque
751 2883 807 2918 non
828 2866 967 2929 omnihus,
984 2865 1013 2918 in
1032 2879 1122 2921 nostra

53 2947 205 3017 praesertim
216 2947 315 3011 Gallia,
326 2948 496 3018 perspicuum
509 2947 557 3012 sit,
573 2964 631 3017 qm
646 2946 699 2998 sint
713 2944 820 3016 utrique
830 2943 910 3010 ritia,
926 2963 984 3016 quas
996 2945 1119 3012 virtutes3

53 3044 85 3079 ac
103 3025 189 3078 multo
207 3027 309 3085 minus,
330 3025 437 3096 quando
453 3027 538 3098 agitur
556 3023 590 3084 de
609 3043 704 3096 genere
724 3022 840 3077 dicendi.
862 3024 911 3076 Ille
930 3024 1002 3076 enim
1023 3043 1119 3096 quum

53 3117 168 3177 propter
179 3106 337 3177 singularem
350 3107 556 3178 simplicitatem,
566 3106 665 3176 lingna
672 3104 773 3158 Latino
785 3102 872 3156 adhuc
884 3103 1015 3157 tironibus
1026 3105 1055 3156 iu
1067 3125 1123 3160 ma·

53 3204 107 3238 nus
124 3186 227 3250 veniat,
242 3205 296 3238 non
311 3186 422 3247 iisnm,
439 3187 518 3257 hujus
534 3203 630 3256 nempe
650 3184 774 3247 munla,
790 3184 918 3237 sermonis
933 3183 1120 3250 aestimatores,

52 3265 105 3334 qui
119 3265 306 3318 Cornelianam
324 3266 479 3319 brevitatem
499 3277 526 3318 et
540 3266 643 3336 lepores
659 3264 760 3317 Atticos
773 3263 890 3336 sapiant;
903 3275 1043 3334 postquam
1058 3275 1122 3318 vero

54 3342 242 3408 adoleverint,
259 3346 304 3398 rix
317 3364 347 3398 ac
364 3364 398 3399 ne
411 3346 456 3400 vir
473 3342 582 3417 quidem
597 3343 726 3416 puerilem
740 3341 1064 3415 hujusmodi'acriptorem
1078 3343 1121 3398 di·

53 3442 140 3493 gnum
162 3424 340 3488 arbitrantur,
359 3444 440 3496 quem
459 3426 590 3481 evolvant.
612 3424 682 3477 Huic
705 3421 840 3476 autemid
863 3423 990 3494 contigit,
1007 3435 1038 3475 ut
1058 3442 1121 3478 eum

54 3522 69 3555 e
85 3503 180 3557 Gracc
191 3504 219 3556 in
236 3505 403 3558 vernaculam
417 3506 535 3576 linguam
545 3503 709 3559 manstulerit
718 3514 809 3556 noster
824 3503 930 3572 Amyot,
944 3515 976 3556 et·
984 3501 1049 3556 adeo
1062 3505 1121 3559 leli·

54 3583 122 3635 citer
140 3584 318 3650 transtulerit,
333 3597 379 3650 ut,
394 3585 416 3637 si
432 3583 525 3638 doctos
543 3582 672 3656 quosdam
688 3583 817 3654 excipias,
833 3583 959 3653 perpauci
978 3582 1122 3638 admodum

56 3663 126 3724 sint,
141 3663 189 3733 qui
200 3664 288 3734 ipsum
301 3676 435 3718 auctorem
446 3664 549 3734 legent,
561 3682 610 3717 nec
622 3664 698 3716 illum
710 3662 852 3717 Plutarcho
862 3662 925 3716 huic
936 3662 1039 3718 Gallico
1051 3675 1123 3737 post·

56 3742 184 3807 habeant,
198 3745 245 3814 qui
259 3763 292 3797 ex
304 3744 386 3798 aetatis
398 3761 452 3796 suaa
463 3755 607 3805 vetustate,
618 3761 680 3796 cum
695 3741 801 3797 duobus
813 3755 916 3796 tautum
931 3744 1063 3809 tribusve,
1076 3761 1121 3798 su·

56 3834 157 3892 perstes
171 3824 286 3877 emersit.
690 3872 694 3879 .
919 3833 924 3846 '

95 3901 216 3954 Plurima
231 3904 366 3957 volumina
381 3900 537 3973 conscripsit
548 3901 722 3968 Plutarchus,
734 3903 817 3956 multa
832 3921 938 3974 quoque
950 3901 1058 3972 Nepos:
1075 3898 1122 3953 sed

57 3977 100 4034 hic
111 3982 287 4038 unihistoriar
299 3981 437 4039 adhaesisse
450 3995 478 4036 et
488 3994 545 4035 toto
555 3981 663 4052 ingenio
676 3982 826 4037 incubuisse
836 3981 960 4047 videtum
970 3980 1041 4035 illius
1057 3997 1122 4038 vcro
