2706 4770
150 336 224 408 308
306 337 572 406 CORNELII
599 340 630 406 N
640 338 831 406 EPOTIS
857 337 1049 406 FRAGM.

147 468 347 540 sedomnino
357 466 438 536 rude
447 481 545 562 atque
551 469 741 536 inchoatum
751 482 858 537 morte
868 470 1039 538 Ciceronis
1050 467 1188 538 relictum.

146 573 207 645 lile
222 577 309 644 enim
333 574 394 642 fuit
412 598 515 660 unus,
533 574 589 668 qui
608 576 753 667 potuerit
767 589 801 642 et
819 573 940 643 etiam²
966 574 1114 643 debuerit
1131 576 1193 644 his-

147 681 264 750 toriam
281 680 380 774 digna
395 704 477 749 voce
488 681 703 773 pronuntiare
716 706 724 746 :
738 681 859 774 quippe
877 682 934 774 qui
949 683 1125 749 oratoriam
1135 680 1193 749 elo-

146 787 312 880 quentiam
323 783 439 852 rudem
453 809 473 852 a
489 785 668 879 majoribus
681 800 851 881 acceptam
867 786 1098 880 perpoliverit,
1108 785 1188 881 philo

147 892 296 988 sophiam
311 905 387 959 ante
402 915 477 959 eum
489 892 694 985 incomptam
707 893 859 961 Latinam
880 917 940 962 sua
954 892 1188 962 conformaveiit

146 999 303 1066 oratione.
321 999 372 1066 Ex
389 1021 456 1091 quo
475 997 608 1084 dubito,
622 999 756 1069 interitu
770 999 839 1092 ejus
860 1013 973 1067 utrum
996 1024 1049 1069 res
1067 997 1187 1094 publica,

145 1128 188 1172 au
205 1104 340 1173 historia
361 1105 464 1198 magis
486 1102 604 1173 doleat.
1012 1094 1014 1098 ¹

199 1208 363 1303 Locuples
385 1235 424 1278 ac
445 1209 556 1278 divina
578 1226 710 1297 natura,
732 1235 798 1304 quo
825 1213 986 1304 majorem
1011 1213 1061 1278 sui
1082 1224 1188 1305 pareret

147 1315 419 1401 admirationem,
438 1315 735 1410 ponderatioraque
758 1341 817 1385 sua
834 1330 943 1386 esseut
960 1316 1131 1403 beneficia,
1145 1340 1186 1383 ue

145 1446 211 1516 que
228 1423 286 1490 uni
308 1423 420 1490 omnia
444 1421 540 1505 dare,
564 1447 625 1492 nec
651 1447 765 1492 rursus
792 1424 946 1516 cuiquam
976 1424 1088 1491 omnia
1108 1420 1186 1489 voluit

145 1551 276 1622 negare.
298 1518 311 1616 ]

188 1710 261 1763 nm
275 1713 354 1763 etim.
369 1709 426 1764 Cic.
439 1707 472 1763 ad
485 1711 565 1765 attic.
577 1712 629 1764 XV
631 1713 655 1780 1,
701 1710 1184 1781 0ffi0.1‚1,de1)emosthene;etuc.

147 1806 191 1860 ep.
215 1792 268 1854 ιδ,
289 1808 348 1860 pag.
371 1795 427 1858 944
438 1807 445 1841 :
457 1791 497 1842 Et
516 1794 588 1842 etium
601 1810 652 1846 om.
701 1792 777 1845 Brut
791 1792 950 1844 LXXXIII:
961 1818 974 1838 «
985 1788 1146 1862 Thucydiden
1159 1806 1186 1840 n·

147 1869 230 1933 Item,
254 1867 401 1940 1x‚epin.
420 1869 473 1935 ²53
493 1888 562 1937 ιιιιι,
577 1870 653 1942 epist.
701 1890 763 1924 rum
777 1884 908 1942 gestarum
923 1870 1110 1942 pronuntiator
1122 1869 1184 1922 aiuoe·

149 1966 176 2019 7.
191 1947 316 2002 Fucau.
324 1980 365 1993 -
373 1949 540 2003 Pronuntiare.
552 1950 607 2004 Cic.
621 1947 655 2003 de
701 1969 756 2004 rui.
767 1977 778 1998 ·
795 1950 885 2005 Fiecu.
895 1950 975 2004 Plura
987 1950 1112 2021 Heusing.
1123 1947 1184 2001 datii.
