2706 4770
225 353 296 421 AD
323 352 655 423 CORNELIUM
680 356 950 425 NEPOTEM.
1048 356 1121 431 353

52 485 252 554 ίααλνφθιῖοα,
267 487 433 554 φανερωτέραν
445 485 544 541 testum
560 485 603 542 τὴν
619 484 720 554 bertr,
739 486 789 538 ἀπὸ
806 486 939 556 χρημάτων
958 494 1067 552 πολλῶν,
1080 490 1124 544 sul

52 560 189 634 dunipast<
204 564 333 632 depressius
346 583 372 616 τι
383 565 489 629 misus,
503 563 544 616 sat
559 565 685 629 βασιλείας
701 566 828 628 τοιαύτης,
843 561 908 636 [cuii
922 569 1004 638 μικρὸν
1019 571 1124 640 iuti-ap·

53 645 193 715 ςρίνναντος
202 643 244 695 τὸν
254 636 316 695 οἷκον
328 644 361 705 οἶς
369 643 500 714 χρημάτων
509 643 640 712 >idpsum
651 647 781 697 ΙΣΤΟΡΕΙ
790 650 1012 699 ΘΕΟΠΟΜΠΟΣ.
1023 648 1123 702 Ultima

55 721 212 786 Plutarchi,
224 739 282 792 qun
295 740 367 776 nunc
377 734 523 794 sequuntur
531 720 744 794 de'l'heopompo
754 724 851 790 verba,
862 724 977 778 locosuo
984 726 1106 800 relinquo
1112 766 1122 796 ,

55 797 78 870 ᾧ
89 805 183 873 μᾶλλον
197 804 334 855 ἐπαινοῦντι
344 803 479 862 cusiacus
489 801 518 852 ἄν
528 801 575 864 τὶς,
587 802 604 858 ἢ
618 802 724 872 ψέγοντι·
733 803 813 872 pigui
824 804 870 873 γὰρ
882 799 967 871 ὅδιον,
977 807 993 863 ἢ
1005 809 1121 862 inustis.

57 882 225 953 DeAgesilao
236 882 316 933 etiem
326 880 376 934 alia
391 880 455 934 alios
467 879 574 932 latentia
580 878 688 934 detexit.
697 882 732 933 V.
742 882 810 933 Plut.
823 901 851 953 p.
862 886 928 944 ura.
943 885 1035 957 Neque
1043 885 1122 942 video

58 979 184 1026 camum,
201 979 249 1013 cnr
262 960 327 1013 vitio
337 961 361 1012 ei
373 960 454 1013 fuerit
462 978 582 1023 versum,
597 959 670 1031 quod
678 973 770 1013 contra
779 961 955 1033 Ephesiorum
965 966 1122 1020 sententiam

59 1039 225 1112 evulgaverit
244 1040 345 1112 primns
365 1039 512 1092 Herostrati
525 1057 631 1093 nomen.
645 1040 679 1091 V.
695 1039 757 1092 Vsl.
773 1041 881 1094 Maxim.
895 1042 941 1095 lih.
955 1062 1022 1110 νιιι,
1035 1063 1058 1098 c.
1076 1053 1121 1111 ι4.

57 1119 217 1173 Excisum
226 1117 346 1190 quidem,
353 1118 509 1189 scriptorem
515 1119 697 1189 gravissimm
704 1119 859 1189 Polybium,
870 1121 1122 1192 qui,lih.xrs‚c.1d,

58 1197 180 1273 prudens
190 1197 358 1269 Theopompi
375 1195 477 1250 dictum
492 1196 526 1250 de
541 1199 642 1271 optimo
652 1197 785 1251 Historico
802 1218 864 1252 cum
879 1202 990 1271 posteris
1004 1221 1122 1258 commu·

58 1278 176 1343 nic-vit,
189 1277 236 1330 lib.
252 1294 310 1342 rvr,
325 1295 381 1348 cap.
403 1295 448 1343 ιι,
467 1289 493 1331 et
506 1272 594 1348 (quod
603 1281 658 1349 jam
671 1278 773 1330 nomvit
784 1278 929 1333 Tora-euius
943 1279 976 1333 ad
992 1281 1053 1335 Val.
1063 1283 1122 1337 Ma·

57 1352 183 1420 nimum)
195 1357 224 1408 in
233 1356 296 1409 Exc.
310 1354 345 1408 de
358 1356 459 1410 Virtus.
475 1370 501 1409 et
515 1358 614 1423 Vitiis,
625 1377 639 1410 a
650 1376 711 1429 pag.
727 1358 799 1427 1375
811 1357 844 1410 ad
856 1377 916 1430 pag.
928 1360 1012 1425 1380,
1022 1360 1049 1412 in
1061 1380 1122 1415 eum

58 1456 140 1509 qnam
152 1436 268 1508 plurima
280 1437 536 1489 evomuisseVarias
548 1438 681 1490 variorum
694 1436 729 1490 de
737 1437 912 1510 Theopompo
925 1439 1067 1493 sententias
1076 1442 1124 1495 Pe·

58 1515 267 1570 riaoniusetiam
279 1515 360 1568 refert
369 1514 402 1568 ad
416 1515 560 1583 AEh'anum,
573 1518 591 1569 l.
602 1517 738 1582 ns,V.H.
750 1537 808 1588 cap.
821 1520 864 1583 18,
877 1518 906 1570 in
917 1519 980 1572 fine.
989 1519 1030 1572 Cl.
1042 1520 1123 1575 Wes-

57 1595 145 1667 ssling
163 1606 251 1648 tamen
270 1597 331 1667 jure
345 1594 477 1648 affirmare
495 1615 523 1648 se
541 1614 617 1668 posse
632 1596 768 1667 opinatur,
791 1596 940 1650 Diodorum
958 1599 1076 1651 Siculum
1095 1601 1123 1654 in

57 1674 181 1746 Phlippi
192 1676 272 1728 rebus
286 1673 465 1728 describendis
471 1675 639 1747 Theopompi
647 1677 755 1748 vestigia
764 1677 929 1748 potissimum
937 1679 1037 1748 legisse.
1054 1679 1124 1734 Vide
1221 1722 1225 1733 .

58 1772 122 1807 eum
133 1751 169 1807 ad
180 1754 364 1825 lib.nr‚cap.
380 1756 410 1818 3,
424 1773 452 1807 n.
467 1756 519 1821 433
533 1754 752 1823 addeVossium,
763 1757 810 1809 lib.
828 1775 853 1821 r,
866 1755 977 1812 deliist.
992 1757 1040 1810 Gr.
1054 1778 1077 1812 c.
1091 1779 1122 1828 7,

56 1851 118 1906 pag.
132 1834 178 1887 ³2.
200 1835 232 1885 In
248 1852 328 1905 quem
344 1834 498 1904 Philippum
512 1849 599 1888 tamen
611 1836 726 1906 plurima
741 1837 792 1889 liris
806 1836 937 1902 invectus,
954 1836 1025 1890 unde
1035 1856 1123 1909 asper·

56 1913 159 1967 simum
170 1911 275 1967 dicendi
294 1933 376 1985 genus
391 1914 588 1986 Theopompinam
607 1929 724 1969 vocatur.
741 1917 777 1968 V.
796 1915 888 1987 Pomp.
909 1914 943 1968 ad
956 1917 1012 1969 Cic.
1023 1916 1070 1969 lib.
1085 1935 1125 1986 rr,

58 1990 94 2046 ad
105 1994 162 2046 Δία
176 1994 226 2065 Ep.
243 1996 269 2047 6.
286 1991 338 2045 Sed
353 1995 462 2064 quaestio
476 2006 530 2058 est,
545 2012 609 2047 vere
627 2013 660 2047 an
680 1995 744 2047 fslse
759 1994 900 2065 scripserit.
918 1996 997 2048 Certe
1003 1994 1122 2048 Diodoro

57 2071 150 2126 Siculo
163 2071 246 2144 igitur
256 2070 323 2126 fides
335 2075 391 2144 ejus
405 2091 460 2125 non
478 2074 529 2127 fuit
540 2087 674 2145 suspectu
687 2087 713 2127 et
728 2075 797 2126 inter
811 2071 903 2125 decem
914 2074 1054 2127 historicos
1068 2093 1123 2127 non

41 2151 223 2231 ⁸spernendos
237 2165 392 2206 numeratur
405 2154 433 2205 in
445 2153 539 2223 fragm.
559 2153 729 2207 Bibliotheca
745 2152 854 2205 coislin.
867 2170 926 2224 pag.
943 2155 1013 2223 5973
1028 2167 1054 2206 et
1068 2155 1124 2224 ipse

58 2232 151 2303 Nepos
162 2232 191 2285 h.
200 2232 219 2284 l.
233 2250 294 2284 eum
307 2233 394 2303 jungit
409 2251 470 2285 cum
478 2231 652 2304 Thucydide,
665 2233 711 2304 qni
720 2244 838 2285 accurata
847 2250 937 2284 rerum
946 2231 1122 2303 descriptione

57 2311 185 2364 omnibns
194 2310 333 2364 Historicis
342 2312 486 2378 antecellit,
499 2325 529 2365 ut
539 2310 605 2366 dicit
615 2311 742 2366 Aristides
749 2311 870 2365 Oratiom
878 2313 955 2365 Tum.
965 2314 1006 2377 Π,
1019 2332 1047 2384 p.
1057 2332 1121 2366 rso.

57 2390 284 2462 De'l'heopompo
300 2389 362 2444 vide
373 2392 480 2445 Bosium
492 2391 526 2444 ad
536 2391 666 2463 lphicret.¹
680 2411 737 2464 cap.
752 2393 779 2457 3,
792 2387 816 2452 S.
829 2411 854 2445 a.
871 2392 967 2446 Nonne
981 2393 1083 2463 egregie
1096 2405 1123 2445 et

57 2489 121 2523 sere
130 2468 271 2542 descripsit
285 2489 371 2524 mores
383 2471 499 2524 Eubuli?
509 2491 536 2525 ν.
548 2473 581 2525 cl.
596 2473 703 2525 Ruhnk.
717 2472 747 2525 in
759 2471 827 2524 Hist.
840 2472 907 2525 Crit.
917 2473 992 2524 Orat.
1004 2471 1052 2523 Gr.
1061 2491 1121 2543 pag.

59 2552 112 2615 66,
124 2553 174 2620 67,
187 2550 241 2616 66,
255 2551 301 2621 87.
313 2552 392 2603 Recte
407 2552 510 2604 vocavit
526 2551 676 2622 Agesilaum
690 2559 739 2603 τῶν
753 2553 809 2602 τότι
822 2550 917 2608 ζώντων
932 2552 1124 2618 ἰπιφανίςατον.

58 2630 95 2682 V.
105 2628 178 2682 Plnt.
186 2648 212 2701 p.
226 2633 292 2683 θοι.
309 2630 438 2682 Preterea
452 2630 579 2694 factiosis,
589 2643 620 2682 ut
627 2644 685 2682 tum
696 2640 783 2695 erant,
796 2629 959 2697 temporibus
969 2645 1024 2679 nou
1033 2629 1124 2680 omnia

55 2705 153 2762 eodem
174 2706 256 2761 modo
271 2709 431 2762 reseruntur.
456 2709 624 2778 Phrynichus
647 2707 770 2761 Comicus
791 2705 952 2758 carminibus
970 2706 1124 2776 perstrinxit

58 2786 204 2841 Alcibiadis
214 2789 425 2842 accusatores.V.
440 2788 525 2841 Periz.
541 2786 575 2839 ad
586 2787 682 2841 AEliun.
701 2787 748 2839 lib'.
763 2802 813 2849 ιιι,
829 2785 865 2837 V.
883 2783 917 2836 Η.
933 2803 956 2838 c.
971 2789 996 2840 8.
1007 2784 1074 2838 Star.
1084 2786 1124 2838 De

61 2868 156 2920 Tim
167 2869 292 2939 prnelme
305 2866 580 2939 disputavit,ejusque
593 2868 724 2920 librorum
736 2865 882 2935 fragmenta
891 2864 997 2934 collegit
1003 2863 1123 2917 Francis·

57 2966 107 2999 cns
119 2946 220 3000 Goeller
237 2948 265 3000 in
278 2946 431 3000 doctissimo
445 2947 534 2999 libro:
550 2947 591 2998 Da
602 2946 658 3000 Sita
670 2957 695 2997 et
711 2945 813 3014 Origme
826 2944 999 3015 Syracusarum
1010 2944 1045 2994 ad
1051 2944 1126 3014 expli·

58 3025 162 3077 ondam
174 3027 319 3099 Thucydidis
322 3030 471 3098 potissimmrr
481 3027 603 3077 historiam
611 3029 717 3096 scripsit,
726 3036 797 3095 atqsoe
805 3024 907 3075 Philisti
911 3034 935 3072 et
945 3023 1031 3073 Timoei
1038 3024 1126 3075 Itanon

59 3104 198 3158 Siculae-ran
205 3107 353 3176 Fragmenta
365 3107 454 3177 adjecit
463 3107 508 3159 Fr.
521 3104 621 3159 Goetkr.
629 3106 725 3176 Lipsiae,
741 3106 825 3166 1818,
836 3103 863 3167 6,
872 3120 900 3172 p.
915 3119 969 3171 179
980 3120 1036 3172 sqq.
1045 3103 1124 3155 Bard.

100 3247 315 3315 Tnassrnnans,
327 3249 354 3314 1,
367 3269 395 3320 p.
407 3250 453 3316 89.
465 3248 549 3312 Vires,
565 3251 661 3319 uimque
670 3249 837 3317 pugnantium,
851 3242 958 3297 Arridet
971 3243 1037 3296 mihi
1047 3245 1125 3296 Lam·

59 3326 120 3380 bini
127 3325 277 3380 emendatio
286 3329 396 3398 legentis
405 3333 481 3388 vires,
492 3331 649 3400 uirtutemque
654 3344 731 3397 puga.
739 3326 781 3377 vel
788 3325 823 3375 ad
828 3328 879 3375 uim
886 3327 1127 3394 uirtutemqaepugu.

60 3406 170 3471 Cicero,
187 3424 266 3477 quem
282 3407 378 3460 Noster
391 3407 523 3480 sequitur,
536 3407 583 3459 lib.
596 3424 607 3459 ι
623 3406 652 3458 in
662 3405 788 3469 Verrem,
802 3422 859 3474 cap.
871 3422 905 3456 ιι
917 3421 924 3456 :
934 3404 1022 3473 Regem
1037 3404 1126 3456 Persea

61 3488 90 3537 ui
99 3497 125 3536 ct
138 3489 230 3537 as‘rtute
246 3491 373 3556 superavit.
388 3487 423 3539 Et
436 3488 515 3558 paulo
528 3500 605 3558 post,
618 3507 648 3538 ex
661 3485 718 3536 urbe
733 3485 848 3544 hostium,
862 3487 890 3534 ui
903 3494 929 3532 et
939 3486 1030 3534 virtute
1044 3495 1125 3554 capta.

59 3564 174 3617 Curtius
188 3565 297 3618 forsitan
313 3567 439 3618 Nostrum
452 3567 569 3619 imitatus
584 3564 664 3630 dicit,
677 3564 724 3616 lib.
737 3581 781 3628 rx,
797 3581 853 3633 cap.
864 3581 899 3631 7,
911 3557 935 3622 S.
954 3565 1003 3627 16,
1016 3566 1125 3614 amram

56 3646 176 3696 αι’νιαεοιι
186 3647 275 3696 uirium
285 3664 291 3698 :
301 3646 349 3698 ubi
362 3646 473 3716 interpr.
481 3647 521 3697 De
533 3645 660 3698 sententia
674 3644 768 3696 Cicero
782 3640 958 3695 consulendus
968 3660 1018 3712 pro
1028 3642 1126 3705 Balbo,

57 3740 119 3794 cap.
132 3729 164 3788 4,
176 3743 205 3795 p.
223 3724 288 3777 525.
302 3725 396 3778 Starer.
419 3723 504 3776 Valde
520 3725 647 3776 obscurus
661 3723 704 3775 hic
717 3724 792 3775 locus
805 3735 854 3778 est,
874 3721 994 3792 miraque
1008 3721 1127 3773 lectionis

59 3803 175 3856 varietas
192 3803 220 3855 in
239 3802 317 3857 codd.
333 3815 360 3857 et
373 3806 465 3876 ingens
478 3804 655 3874 interpretum
673 3799 812 3855 dissensus.
833 3799 966 3872 Equidem
982 3800 1010 3852 in
1024 3801 1127 3869 conjec-

58 3894 121 3935 tnra
141 3883 253 3936 Puteani
265 3884 301 3935 ad
310 3888 374 3936 uico
389 3888 484 3955 vimque
491 3886 652 3954 pugnantiam
670 3882 868 3953 acquiescerem.
890 3882 973 3946 Nam,
989 3891 1128 3948 postquam

57 3962 137 4015 bunc
150 3961 240 4016 locum
253 3964 369 4017 curatius
381 3961 591 4036 perpenderem,
602 3961 702 4027 statim,
714 3973 853 4033 antequam
865 3961 936 4012 Bosii
950 3969 1039 4010 notam
1051 3956 1129 4026 legis·

59 4059 134 4109 sem,
156 4061 188 4096 ea
205 4043 235 4096 in
254 4055 371 4098 mentem
388 4042 456 4098 mihi
473 4054 618 4109 venerunt,
637 4059 696 4112 qua
716 4041 895 4097 matissimum
915 4038 991 4091 illum
1007 4035 1129 4090 criticum

256 4117 273 4148 ³*
895 4116 943 4188 23
