2706 4770
152 374 222 473 196
412 373 680 442 connum
707 371 935 441 narorrs

143 515 276 611 judicet.
296 510 359 580 Sed
379 511 422 579 ad
446 510 518 581 illos
537 525 692 581 revertar.
718 511 866 580 Hiberna
883 525 1097 606 sumpserant
1111 498 1124 537 ⁵
1140 538 1196 581 non

146 622 189 690 ad
210 643 305 690 usum
328 616 421 705 belli,
441 616 497 685 sed
516 617 558 686 ad
581 620 727 712 ipsorum
743 614 1105 712 luxuriam310ngeque
1123 620 1197 687 inter

147 752 181 797 se
202 726 427 794 discesserant.
445 726 519 792 Hoc
538 727 722 818 Antigonus
743 747 845 817 quum
861 725 1100 817 comperisset,
1113 723 1196 793 intel·

146 833 343 927 ligeretque,
360 854 524 923 separem
545 855 612 898 non
634 854 704 899 esse
724 831 846 924 paratis
865 829 1061 900 adversariis
1073 855 1084 917 ;
1096 832 1194 900 statuit

147 937 268 1032 aliquid
282 938 342 1005 sibi
361 935 487 1006 consilii
506 937 583 1004 novi
597 961 667 1005 esse
682 934 887 1029 capiendum.
902 938 989 1005 Duae
1010 951 1107 1005 erant
1125 938 1177 1005 via

146 1068 212 1139 qua
240 1068 280 1111 ex
310 1042 433 1128 Medis,
449 1043 505 1110 ubi
524 1040 577 1109 illc
598 1041 782 1128 hiemabat,
801 1040 844 1109 ad
865 1042 1130 1111 adversancium
1149 1042 1190 1110 bi·

147 1138 325 1218 be'rnacula
343 1163 454 1243 posset
471 1149 657 1242 perveniri:
675 1171 815 1241 quarum
834 1147 966 1216 brevior
981 1172 1042 1243 per
1060 1146 1133 1217 loca
1147 1146 1188 1216 de

148 1270 252 1340 serta,
273 1280 346 1348 quae
360 1279 458 1322 nemo
478 1252 642 1321 incolebat
662 1268 799 1383 propter
820 1277 913 1347 aqua
932 1255 1098 1348 inopiam,
1116 1266 1187 1322 oete·

148 1387 222 1433 rum
251 1360 377 1429 dierum
408 1374 478 1428 erat
504 1359 572 1427 fere
593 1359 705 1428 decem
748 1358 826 1441 ;illu
845 1374 976 1445 autem,
1005 1384 1073 1453 qua
1092 1380 1186 1429 omno

148 1466 396 1551 commeabant,
411 1465 514 1533 altero
533 1478 625 1533 tanto
639 1464 821 1560 longiorem
841 1465 985 1534 babebat
1004 1465 1184 1549 anfractum,

148 1574 206 1643 sed
226 1588 298 1641 erat
318 1574 468 1665 copiosa,
488 1573 701 1665 omniumque
730 1595 840 1640 rerum
874 1571 1057 1641 abundans.
1080 1574 1145 1640 Hac
1164 1569 1184 1637 si

148 1679 428 1773 proficisceretur,
453 1675 672 1770 intelligebat,
692 1679 783 1771 prius
804 1675 1011 1747 adversarios
1033 1680 1184 1747 rescituros

148 1784 191 1853 de
217 1808 277 1852 suo
304 1781 466 1867 adventu,
484 1807 584 1875 quam
606 1785 675 1877 ipse
704 1785 834 1852 tertiam
863 1799 993 1877 partem
1013 1783 1184 1853 confectae

150 1891 272 1958 itineris
290 1914 299 1975 ;
318 1890 368 1958 sin
382 1913 442 1982 per
464 1887 536 1957 loca
557 1887 643 1957 sola⁷
656 1888 888 1978 contenderet,
903 1890 1076 1984 sperabat,
1093 1890 1183 1958 sein·

150 1995 343 2089 prudentem
358 1995 487 2063 hostem
502 2018 747 2089 oppressurum.
767 1994 819 2064 Ad
835 1993 923 2064 hanc
939 2020 1010 2065 rem
1027 1994 1183 2065 conficio-

149 2102 245 2187 dam,
263 2102 455 2195 imperavit,
477 2126 576 2195 quam
604 2100 766 2195 plurimos
786 2114 876 2169 utres
899 2114 1000 2196 atque
1019 2104 1116 2171 etiam
1133 2095 1183 2169 orl·

150 2192 243 2276 leos⁸
265 2209 468 2299 comparari3
494 2221 570 2301 post
600 2207 671 2275 lraec
697 2205 876 2301 pabulum,
899 2223 1061 2302 preterea
1087 2203 1185 2276 cibar'fl

150 2325 244 2381 cocta
265 2311 393 2380 dierum
412 2311 546 2398 decem,
568 2326 670 2406 utque
688 2336 788 2406 quam
805 2314 939 2382 minime
960 2314 1058 2383 fieret
1073 2311 1184 2408 ignitio

152 2418 285 2487 castn's:
306 2417 384 2502 iter,
405 2416 496 2509 quod
519 2417 680 2504 habebat,
699 2443 813 2486 omnes
843 2417 937 2487 celat
968 2421 1024 2489 Sic
1051 2430 1185 2514 paratu,

152 2548 217 2618 qua
237 2524 466 2607 constituerat,
485 2524 713 2616 proficiscitur.

205 2632 264 2697 lx.
285 2628 467 2697 Dimidium
483 2628 550 2697 fere
564 2632 707 2723 spatium
722 2629 927 2715 confecerat,
939 2654 1044 2723 quiam
1061 2654 1101 2698 ex
1117 2628 1185 2697 fumo

153 2750 336 2805 castrorum
353 2736 423 2828 ejus
445 2737 586 2829 suspicio
606 2734 703 2804 allata
723 2751 773 2805 est
790 2736 833 2805 ad
845 2736 1030 2806 Eumenem
1041 2735 1066 2819 ¹,
1081 2735 1185 2805 ham

196 2950 222 3001 5.
237 2946 399 3016 Sumpsemnt.
414 2944 471 2997 Cur
485 2944 538 2996 boc
556 2945 661 3015 potissi·
745 2947 773 2999 8.
790 2944 893 2997 Calices.
918 2944 1025 3009 Stenae,
1047 2944 1184 2998 coriban-

157 3046 229 3080 mum
243 3027 354 3078 verbum
375 3025 540 3095 usurpaverit
555 3038 661 3087 noster,
705 3023 796 3086 llutos,
808 3024 905 3094 quibus
916 3042 985 3094 aqna
999 3042 1050 3096 per
1061 3022 1186 3077 uida»

155 3119 249 3159 notant
258 3104 410 3175 sequentia:
421 3123 469 3155 non
477 3104 513 3155 a!
520 3123 586 3155 asum
597 3103 660 3162 belli,
704 3101 845 3155 litndinen
852 3098 1185 3157 conveneram-Palu

156 3186 199 3236 sed
210 3184 246 3236 ed
256 3188 359 3254 W
370 3185 498 3236 luerim
511 3182 663 3234 Libidinem
702 3182 826 3252 pabula.
845 3183 974 3235 Putem
994 3184 1121 3256 pabulum
1133 3190 1187 3249 q!

157 3264 238 3333 igitar
258 3275 285 3314 et
307 3262 441 3315 licentiam
459 3263 575 3334 respicit.
590 3262 663 3313 Infra
705 3274 886 3332 paratum-
901 3262 982 3334 thue
996 3282 1068 3334 quen
1081 3265 1185 3314 nau„-

158 3353 269 3394 oentra:
285 3340 334 3393 tta·
344 3341 386 3392 ille
399 3343 525 3394 deme.
706 3338 1188 3413 Scilicet,impmavitutclarentii!t

199 3423 226 3473 6.
238 3420 335 3472 Dim·
348 3432 402 3471 eret
409 3423 464 3487 sere
472 3422 559 3472 dacem
568 3419 601 3472 ld
612 3435 665 3485 est,
706 3433 756 3472 ete.
766 3421 913 3491 lgnesrem
922 3434 1070 3474 mmm
1078 3414 1188 3487 inoffi·

159 3498 214 3551 bue
233 3498 275 3549 ria
287 3497 378 3551 decem
393 3498 488 3552 diebus
503 3501 602 3552 absolvi
616 3519 664 3571 po·
705 3502 752 3569 qui
772 3501 800 3551 in
817 3501 909 3552 cautis
931 3500 992 3553 fleri
1010 3502 1131 3555 solebat.
1145 3493 1190 3547 [Β

160 3589 236 3629 terat.
251 3608 292 3621 -
312 3579 369 3645 (lm
389 3598 469 3629 om
494 3580 663 3631 cummiani.
707 3580 788 3648 igitur
807 3593 969 3650 preceptum
984 3594 1046 3645 est,
1063 3600 1096 3633 ne
1112 3575 1188 3649 ignit!

161 3656 249 3708 Altera
260 3656 331 3708 trita.
344 3688 376 3697 -
389 3658 476 3709 Altero
488 3671 557 3709 tanto
569 3661 665 3728 disigio·
707 3656 812 3711 indiciis
825 3657 987 3730 proderem
998 3659 1130 3714 adventus

160 3755 208 3787 ren
221 3732 323 3784 deicht
332 3736 474 3789 cathetum.
483 3735 514 3787 ld
522 3737 665 3809 ‘shduplo
746 3739 812 3791 Car.
829 3738 879 3791 IX.
898 3758 923 3792 Ι.
947 3740 1059 3811 Smpt'cio
1081 3741 1147 3791 diet!
1162 3736 1189 3780 θ’

161 3818 286 3885 majorem
300 3812 412 3865 babebat
424 3814 573 3869 circuitum.
707 3819 743 3869 ed
753 3819 892 3871 [mn.
907 3820 1043 3872 b'imirum
1056 3840 1072 3872 ι
1086 3809 1186 3872 buiff'ssr

191 3891 666 3964 5.Seh.llirminibusdestituta.·Pm·
707 3898 753 3967 qni
774 3916 828 3949 non
850 3898 1031 3961 furnum,sed
1051 3887 1188 3971 ignienti

161 3972 664 4028 deheimimoemu.·sau.t.cu1.
707 3995 799 4045 goren
817 3975 1032 4035 ridenter.teste
1058 3972 1187 4031 erutam·
