2706 4770
148 345 222 418 268
413 344 680 414 CORNELII
708 343 940 412 NEPOTIS

147 496 213 565 quo
233 471 259 538 si
281 483 409 547 tantum
427 493 502 536 eum
521 467 716 561 prudentem
736 466 864 551 dicam,
882 468 1009 550 minus,
1031 489 1130 559 quam
1145 466 1191 534 de·

146 578 259 661 bearn,
282 572 598 671 praedicem²‚quum
621 572 673 641 ille
695 575 806 667 potius
824 571 956 640 divinus
976 571 1094 658 fuerit,
1110 574 1135 640 si
1150 571 1193 640 di·

146 683 270 751 vinatio
297 678 492 774 appellanda
519 695 569 749 est
597 692 756 773 perpetua
778 676 937 747 naturalis
965 678 1117 761 bonitas,
1136 703 1193 771 que

146 785 243 854 nullis
266 787 396 855 casibus
418 810 523 879 neque
544 787 668 878 agitur,
687 809 793 878 neque
811 785 982 853 minuitur.
1003 785 1117 853 Hostis
1136 787 1194 851 Au·

147 895 257 960 tonius
282 877 468 984 judicatus³
494 888 587 960 Italia
615 906 776 973 cesserat;
802 915 875 984 spes
897 889 1095 958 restituendi
1121 887 1193 957 nulla

146 1013 226 1066 crat.
249 999 328 1066 Non
343 995 449 1066 solum
468 999 538 1090 ejus
553 983 706 1078 inimicil,
721 999 777 1090 qui
792 1010 864 1065 tum
880 1010 977 1065 erant
993 996 1192 1090 potentissimi

146 1117 180 1170 et
200 1102 348 1198 plurimi,
367 1102 423 1176 sed
443 1105 543 1171 etiam
566 1104 622 1196 qui
642 1101 836 1172 adversariis
862 1102 932 1194 ejus
956 1126 992 1170 se
1010 1101 1149 1186 dabant,
1166 1113 1192 1167 ct

146 1210 180 1275 in
199 1234 239 1278 eo
258 1208 405 1277 laedendo
428 1233 462 1277 sc
484 1208 625 1303 aliquam
652 1222 888 1277 consecuturos
914 1207 1095 1302 sperabant
1117 1231 1190 1276 com·

147 1315 412 1400 mendationrm,
428 1317 564 1383 Antonii
586 1312 761 1384 familiares
775 1313 1052 1408 insequebantur3
1073 1335 1190 1382 uxorein

146 1420 294 1489 Fulviam
316 1420 468 1489 omnibus
490 1421 588 1490 rebus
610 1419 750 1515 spoliare
768 1420 962 1515 cupiebant3
978 1419 1100 1488 liberos
1110 1420 1189 1486 ctiam

146 1529 337 1622 extinguere
359 1526 529 1621 parabant.
555 1528 700 1608 Atticus,
717 1551 819 1619 quum
838 1527 1009 1595 Ciceronis
1033 1527 1141 1593 intima
1152 1521 1188 1591 ta·

146 1632 332 1701 miliaritate
352 1647 516 1717 uteretur,
538 1633 753 1702 amicissimus
774 1646 860 1700 esset
881 1635 1005 1717 Bruto,
1023 1655 1092 1701 non
1109 1627 1186 1698 modo

148 1824 196 1879 lv,
213 1830 238 1886 4.
255 1824 313 1876 Hoc
326 1836 414 1875 autem
428 1824 497 1876 inter
510 1824 655 1879 Antonium
699 1823 836 1896 proposito
848 1823 1011 1876 dimovetur.
1031 1823 1074 1876 Al.
1088 1823 1183 1892 Aqew·

147 1902 320 1955 etOctavium
328 1904 457 1957 Caeearem
467 1917 522 1957 tum
532 1905 655 1974 juvenem
742 1904 766 1956 3.
779 1897 890 1955 Hostis..
900 1902 1035 1972 judicatus.
1050 1895 1185 1974 Cujuajud'·

148 1996 250 2035 motum
262 1995 309 2035 est.
323 1983 427 2035 ldutina
436 2002 512 2048 vero,
524 1985 588 2035 urbs
596 1983 657 2035 Gal·
699 1983 733 2035 eii
741 1982 998 2053 causamexpoaitaan
1007 1982 1121 2054 reperiar
1134 1972 1183 2050 apd

147 2062 189 2114 liae
203 2062 354 2134 Cisalpine,
368 2082 439 2115 nunc
453 2063 533 2133 vulgo
545 2063 655 2114 Moddne.
701 2063 757 2115 Cic.
775 2062 890 2133 Philipp.
904 2062 941 2114 11.
955 2094 996 2104 -
1013 2062 1088 2114 Italia
1099 2067 1181 2112 w·

151 2142 288 2194 Connrrra.
701 2141 814 2194 Galliam
822 2141 976 2194 citeriorem
994 2141 1087 2212 petiit,
1107 2133 1182 2192 eliade

191 2241 217 2272 α.
232 2221 371 2273 Praedr'cem.
394 2221 454 2272 Non
466 2221 527 2273 satis
541 2219 655 2274 laudern.
699 2221 792 2291 pulsus
812 2221 891 2292 Alpes
914 2220 1036 2284 transiit,
1059 2232 1087 2272 ut
1108 2232 1181 2271 secun

150 2331 189 2340 -
205 2300 316 2351 Divinus.
345 2301 383 2350 Ex
408 2319 477 2351 nexu
497 2301 566 2352 valet
590 2319 657 2370 prte-
701 2299 805 2371 Lepido
824 2299 1140 2370 conjungeretvelleina,
1154 2293 1181 2346 ll·

149 2378 217 2432 acius
238 2396 327 2430 rerum
344 2380 509 2444 futurarum,
525 2393 554 2431 ut
569 2380 657 2431 dirmi-
707 2384 758 2444 16,
772 2400 831 2452 sqq.
842 2380 902 2432 Tae.
948 2378 956 2392 ⁵

148 2470 187 2509 tas
205 2470 231 2510 et
249 2458 344 2510 similia
365 2457 442 2523 alibi,
458 2456 582 2530 deinceps
596 2460 657 2510 diri·
743 2467 767 2524 4.
790 2461 853 2530 Ejus
865 2462 963 2511 inimici.
989 2459 1109 2523 Quorum
1126 2469 1182 2508 eat·

150 2541 217 2590 natio
225 2558 237 2598 ;
257 2549 423 2611 utrumque,
444 2537 477 2590 ad
499 2537 657 2608 signandum
700 2558 774 2592 mero
786 2540 944 2591 acerrimum
954 2535 1109 2590 Ciceronem
1118 2549 1185 2605 expet·

148 2617 308 2687 singularem
322 2631 347 2670 et
363 2618 441 2671 solito
453 2621 579 2689 majorem
597 2637 659 2689 pru·
701 2631 798 2672 tuaest.
812 2651 851 2661 -
869 2617 1108 2670 commendaram
1129 2615 1185 2679 Qut·

150 2695 280 2762 dentiam,
292 2716 347 2767 quo
360 2698 422 2750 facit
433 2716 490 2768 cap.
505 2699 658 2763 xv1.Que
700 2697 761 2751 dam
769 2697 899 2751 editiones
906 2697 1096 2749 commoditatem
1102 2695 1183 2750 tunc

149 2789 312 2848 sequuntur,
337 2778 424 2848 primo
445 2778 544 2830 intuitu
564 2796 657 2846 parum
701 2792 844 2850 utrumque
860 2797 943 2842 vero,
958 2777 981 2829 si
995 2768 1184 2848 sequentiam&

148 2855 309 2927 respondere
320 2855 459 2919 ridentur,
469 2870 658 2927 moveruntque
700 2863 751 2922 tes,
761 2870 847 2929 potest
856 2855 987 2908 adhiberi.
1001 2856 1125 2928 spoliatio
1133 2849 1183 2904 min

149 2935 334 2999 Buchueruru,
347 2949 376 2988 ut
389 2937 477 2989 mallet
489 2936 616 2996 divinitas,
629 2934 657 2988 id
700 2935 935 2999 commoditatem,
956 2936 1056 2988 occisio
1076 2946 1184 2988 comum·

148 3027 199 3078 cst,
212 3015 302 3068 divina
314 3029 416 3069 natura.
432 3014 562 3082 Quidam,
575 3034 656 3085 quum
700 3014 835 3069 dationem
856 3016 976 3086 parabat.
1000 3045 1042 3058 -—
1062 3015 1185 3082 Bw

149 3111 208 3146 cam
226 3096 398 3148 mutationem
413 3097 473 3147 libri
488 3107 657 3166 respuerent,
696 3096 826 3166 parabant.
849 3095 944 3146 Pam
964 3112 1022 3146 non
1040 3094 1117 3147 semel
1135 3099 1185 3161 opu·

150 3172 185 3224 ita
201 3188 271 3226 certe
287 3174 472 3246 explicandum
488 3186 656 3229 censuerunt.
701 3194 757 3227 mos
770 3175 841 3245 apud
853 3175 995 3245 scriptor-ea
1010 3192 1072 3226 cum
1084 3163 1184 3226 infinitivi

150 3250 201 3303 Sed
226 3273 330 3306 causam
352 3256 456 3324 subjicit
477 3257 587 3318 Noster,
605 3273 656 3325 qua
701 3269 828 3324 praesente
841 3257 961 3325 junctum
975 3255 1098 3326 reperias
1113 3253 1182 3315 leo

151 3329 247 3383 lactum
264 3332 319 3396 sit,
334 3347 364 3386 ut
383 3335 421 3387 sio
444 3353 471 3386 se
488 3346 588 3405 gereret
609 3336 656 3386 At·
700 3333 802 3386 Sallust.
820 3335 899 3387 Catil.
914 3335 1033 3386 xvul:
1050 3360 1062 3382 ι
1077 3328 1183 3386 cautu

151 3408 242 3473 ricus,
269 3412 344 3481 quasi
374 3412 538 3466 callidissime
567 3414 657 3465 omniu
701 3413 813 3466 Catilina
821 3427 848 3466 et
856 3414 1014 3476 Autronius,
1022 3412 1183 3465 consilium*

151 3489 325 3556 prosecuisset
341 3508 420 3562 seque
436 3506 559 3564 parasset.
580 3494 656 3545 Boni·
700 3481 1181 3564 munientupmhmtincapirotiotl·

151 3577 189 3615 tas
204 3567 274 3617 enim
294 3588 348 3620 non
364 3583 402 3622 est
417 3573 528 3640 peritia,
549 3584 579 3624 ut
599 3572 657 3624 vult
698 3575 751 3643 jan.
760 3573 790 3624 L.
798 3571 1181 3642 cortamuhTorquammm·

150 3644 391 3713 Stavereurrs,sed,
403 3649 475 3721 quod
485 3650 585 3721 adjecta
597 3671 658 3722 pos·
700 3651 768 3703 eules
782 3651 939 3703 interlicere.
951 3676 964 3699 ι
974 3649 1050 3704 Idem
1066 3651 1120 3704 Cat.
1131 3641 1179 3698 11²

151 3724 247 3786 rulant.
259 3725 336 3778 insita
348 3746 361 3779 a
375 3741 468 3781 natura
479 3749 580 3802 usuque
592 3749 655 3782 con·
703 3730 822 3783 «Servire
830 3733 924 3800 magis,
932 3749 1015 3802 quam
1026 3731 1180 3801 imperarem

150 3802 253 3856 firmata
265 3806 347 3857 animi
360 3807 428 3859 hona
439 3806 549 3861 indoles·
562 3810 605 3862 Sic
618 3812 657 3862 in·
700 3810 843 3863 radentia·
854 3808 1108 3882 luemaupxxn:
1119 3805 1178 3856 «ΒΦ

150 3882 204 3949 fra,
215 3884 256 3948 X,
272 3885 397 3938 bonitatis
410 3887 482 3957 signa
495 3890 655 3942 reseruntur.
700 3889 942 3960 proficisciparant.
955 3915 967 3937 ι
982 3887 1059 3942 Adde
1070 3886 1150 3939 Casu.
1158 3871 1178 3924 l·

150 3962 209 4016 Τις.
223 3994 265 4007 -
276 3963 375 4034 Agitur.
392 3965 425 4019 Id
439 3981 492 4031 est,
505 3968 656 4038 agitatum
701 3967 730 4021 0.
746 3969 773 4034 1,
786 3968 838 4031 aas
852 3969 915 4022 Ter.
934 3968 1043 4022 Phonn
1058 3965 1120 4039 prol-
1131 3952 1178 4012 at
