2768 5198
829 372 831 377 ·
908 364 911 369 ’
1365 365 1382 400 ²⁴.

228 779 279 864 64
492 777 761 847 CORNELII
792 776 1024 844 NEPOTIS

227 934 331 1004 quum
341 908 375 977 id
387 932 421 976 se
434 908 760 979 Lacedaemoniorum
774 932 872 977 causa
883 907 992 977 facere
1006 905 1184 977 simularet.
1193 909 1296 978 Nam·

227 1040 291 1109 que
307 1014 466 1108 undique,
479 1015 535 1108 qui
548 1015 796 1084 Atheniensium
811 1015 909 1084 rebus
922 998 1152 1101 studuissent⁶,
1164 1016 1294 1109 ejectis,

228 1122 341 1190 decem
364 1119 529 1213 delegerat
546 1122 580 1189 in
598 1145 794 1216 unaquaque
816 1121 968 1207 civitate,
986 1120 1105 1214 quibus
1126 1145 1296 1192 summum

228 1227 421 1322 imperium,
445 1240 708 1320 potestatemque
738 1228 887 1296 omnium
920 1251 1030 1295 rerum
1060 1229 1294 1299 committeret.

228 1337 358 1404 Horum
384 1335 420 1400 in
445 1332 640 1402 numerum⁷
662 1358 761 1402 nemo
791 1332 1044 1420 alsnittebatur,
1064 1334 1126 1402 nisi
1150 1334 1208 1427 qui
1237 1349 1296 1406 aut

228 1439 299 1533 ejus
324 1439 468 1533 hospitio
500 1440 744 1526 contineretur,
769 1453 827 1508 aut
850 1465 884 1508 se
913 1437 999 1507 illius
1023 1438 1094 1508 fore
1120 1442 1296 1534 proprium

227 1545 293 1616 fide
314 1544 536 1615 confirmaret.

281 1653 325 1720 ll.
341 1655 394 1720 lta
406 1648 615 1719 decemvirali
627 1662 789 1745 potestate
807 1652 842 1717 in
855 1649 1009 1719 omnibus
1023 1650 1161 1719 urbibus
1177 1653 1296 1720 consti·
1330 1733 1333 1736 .

228 1770 319 1842 tuta,
336 1758 437 1851 ipsius
455 1771 538 1826 nutu
554 1757 665 1826 omnia
684 1756 890 1850 gerebantur.
911 1757 1016 1850 Cujus
1038 1756 1079 1825 de
1100 1755 1295 1826 crudelitate
1325 1747 1330 1756 ¹

229 1887 268 1933 ac
284 1861 440 1958 perfidie¹
460 1864 537 1932 satis
552 1877 715 1931 estunam
732 1861 972 1957 rem,exempli
990 1861 1294 1957 gratia,pnofer1e,

229 1993 288 2057 ne,
314 1969 356 2038 de
376 1969 492 2038 eodem
512 1966 608 2063 plura
635 1967 882 2053 enumerando,
904 1967 1121 2062 defatigemus
1144 1967 1294 2038 lectores.

230 2077 347 2144 Victor
359 2098 400 2143 ex
412 2075 490 2143 Asia
500 2099 602 2168 quum
614 2073 1068 2168 reverteretur,Tbasumque
1082 2074 1294 2159 devertisset,

230 2180 319 2274 quod
343 2205 381 2248 ea
404 2181 519 2248 civitas
541 2182 705 2274 praecipua
731 2178 797 2248 fide
821 2179 928 2248 fuerat
954 2178 1033 2275 erga
1053 2179 1297 2268 Athenienses,

230 2285 368 2380 proinde
391 2308 431 2355 ac
456 2287 483 2354 si
507 2284 606 2353 iidem
631 2285 807 2354 firmissimi
833 2284 977 2354 solerent
1000 2309 1071 2354 esse
1097 2286 1213 2373 amici,
1240 2286 1297 2380 qni

229 2406 416 2462 constantes
439 2391 576 2461 fuissent
595 2388 754 2480 inimici²,
780 2415 852 2459 earn
879 2405 1068 2487 pervertere
1091 2391 1295 2486 concupivit.

230 2498 326 2567 Vidit
344 2513 474 2586 autem,
488 2499 551 2568 nisi
568 2499 602 2567 in
623 2523 664 2567 eo
680 2495 878 2567 occultasset
893 2497 1115 2587 voluntatem,
1127 2496 1298 2582 murrum,

232 2679 397 2749 exploratum
419 2677 470 2730 tibi
490 2679 542 2743 sit,
566 2697 642 2750 posse
668 2678 738 2731 illius
782 2679 909 2732 Forstner
923 2677 957 2731 ad
974 2678 1061 2733 Taciti
1073 2679 1142 2732 An.
1157 2676 1228 2743 m,
1247 2678 1295 2732 32.

232 2757 305 2828 regni
317 2755 419 2827 potiri,
438 2783 449 2804 ι
471 2769 499 2809 et
513 2759 618 2829 passim.
633 2758 738 2811 Sallust.
782 2758 908 2811 Frscun.

233 2837 413 2907 Jug.LXXV:
423 2835 530 2906 «Siejus
537 2835 630 2908 oppidi
638 2837 740 2909 potitus
823 2855 851 2907 7.
869 2839 900 2890 ln
916 2855 1052 2900 mem,
1064 2849 1096 2890 ut
1112 2847 1214 2890 veteres
1232 2854 1298 2890 noa·

234 2917 310 2969 foret.
323 2943 333 2962 ι
344 2916 475 2985 -Qauns
484 2916 512 2966 id
518 2916 742 2968 selacedoememo-
782 2915 818 2968 tri
831 2916 896 2988 regii
915 2915 1089 2989 manuscripti
1102 2915 1189 2982 5826,
1206 2917 1296 2979 6143,

235 3015 286 3048 nm
301 3015 374 3048 eausa
382 2998 466 3063 facere
480 2996 609 3048 simulant.
631 2996 671 3048 lta
686 2996 741 3047 lere
783 2995 865 3065 Vulgi
881 3000 906 3048 in
921 3015 1024 3048 mro.
1046 3026 1087 3040 --
1101 2996 1216 3067 Hospitio
1235 3014 1296 3047 aaa·

235 3074 306 3147 apud
316 3075 377 3129 Sall.
387 3076 444 3128 Cat.
455 3075 604 3128 XXXVIII
614 3093 620 3128 :
632 3075 741 3128 «Smati
784 3079 905 3128 triumuir.
922 3076 1063 3147 Eleganter
1077 3087 1105 3130 et
1123 3087 1184 3146 apte
1197 3072 1232 3128 ad
1244 3091 1295 3126 rso·

235 3155 337 3228 speeie,
352 3173 402 3227 pro
415 3173 461 3208 sna
476 3153 667 3226 magnitudine.
679 3179 690 3201 ι
707 3155 742 3206 Et
784 3153 891 3208 tendam
924 3154 1034 3228 hospitii
1069 3153 1295 3226 eonjumtionen

234 3235 430 3306 poem-Bonum
437 3234 741 3305 publicumsimulentes,
783 3233 982 3288 Tzscuncx.1d
998 3247 1052 3299 est,
1062 3246 1130 3287 esset
1142 3234 1213 3287 inter
1229 3251 1296 3298 ees,

233 3314 740 3386 pmsnaquisqnepotsntiacertabant·
784 3315 830 3386 qni
846 3312 1065 3386 fuderebospitii
1080 3331 1141 3366 cum
1155 3310 1296 3384 Lysandro

243 3422 246 3427 Δ
275 3397 302 3447 6.
326 3395 377 3464 (lai
390 3394 482 3447 Aeto.
498 3393 567 3445 redsa
581 3395 738 3457 nudassent,
784 3394 922 3466 conjuncti
943 3406 1025 3447 erant.
1046 3424 1087 3437 -
1103 3392 1135 3446 Se
1158 3392 1225 3445 illisas
1239 3393 1298 3460 sm

235 3485 285 3526 ete.
296 3473 396 3527 Omnes
405 3492 433 3526 se
440 3474 524 3545 Argos
533 3485 560 3527 et
565 3474 670 3527 Thebas
678 3492 742 3527 con·
781 3471 1121 3545 pmpriumfidecoifimmt.
1132 3471 1230 3525 &neu
1238 3483 1297 3524 est:

236 3553 328 3605 tulere.
343 3552 414 3606 Vide
426 3553 524 3606 erin.
535 3555 580 3622 V,
595 3574 621 3623 9.
635 3587 676 3598 -
689 3555 742 3606 De·
784 3554 831 3624 qui
840 3553 1009 3606 confirmem
1016 3549 1206 3624 jurejurando,
1218 3551 1297 3604 sefu-

236 3651 285 3682 eem
295 3632 423 3702 delegerat.
437 3633 548 3686 Athenis
560 3633 667 3704 triginta
678 3652 743 3704 prn-
783 3651 814 3685 re
828 3633 937 3685 omnino
952 3630 1091 3703 Lysandro
1106 3631 1264 3684 obnoxium.

236 3709 348 3776 iecerat,
363 3709 455 3763 decem
473 3730 537 3765 vero
555 3713 650 3765 Pirsso.
671 3713 741 3764 Plut.
825 3712 892 3764 Cur.
908 3712 945 3763 11.
965 3731 990 3765 1.
1012 3711 1087 3782 anses
1105 3711 1136 3762 de
1155 3709 1298 3761 cadelim

236 3787 321 3853 ibid.;
336 3790 404 3842 Plat.
420 3791 503 3861 Epist.
520 3792 584 3844 VII.
601 3791 637 3843 Hi
652 3803 743 3862 postea
784 3789 933 3861 aepefida.
945 3791 1009 3844 llac
1020 3803 1082 3844 sant
1093 3789 1163 3842 illius
1175 3787 1297 3860 perfidi·

236 3867 343 3937 triginta
360 3869 412 3922 riri
429 3870 523 3923 urbem
546 3871 672 3924 servitute
693 3887 742 3942 op·
793 3883 947 3942 argumenta
960 3908 968 3935 ,
983 3870 1056 3942 qnod
1081 3868 1170 3922 dicere
1188 3868 1301 3933 solebat,

234 3961 402 4018 presserunt,
421 3961 448 4001 et
465 3948 499 4001 ad
513 3948 681 4020 tyrannidem
699 3968 742 4002 us-
784 3950 833 4003 nbi
847 3950 954 4003 leonina
978 3951 1054 4022 pellis
1071 3968 1126 4002 nou
1139 3948 1301 4017 proflueret,

235 4045 288 4098 que
298 4029 447 4082 sevierunt.
458 4028 577 4082 Mrem.
600 4061 627 4072 -
650 4029 743 4097 Quibus
784 4031 920 4102 vulpinam
933 4048 988 4083 esse
1002 4025 1203 4093 assumendm3
1218 4027 1300 4094 item,

235 4111 743 4180 smmumimpenion,posesaatemqueom·
786 4102 1299 4182 puerosjtaxillis,lrominesauteaujme·
1364 4115 1369 4128 ¹

237 4188 302 4238 dam
324 4205 400 4238 rerum
425 4192 585 4241 committent.
611 4193 744 4242 Arctum
783 4190 903 4262 jurando
916 4189 1051 4243 fallendos.
1063 4187 1135 4241 Vide
1150 4187 1299 4254 Plumcb,

236 4263 438 4332 dominationis,
456 4285 511 4337 qm
528 4268 641 4339 populos
656 4270 745 4322 cirita·
786 4290 801 4324 a
816 4289 871 4343 qno
884 4289 946 4325 cum
962 4270 1034 4341 Sylla
1049 4269 1195 4322 mnsam.

237 4357 327 4418 aesque
351 4365 437 4418 nuper
459 4347 578 4400 subactas
605 4348 633 4401 in
655 4350 744 4404 officio
829 4371 854 4405 ι.
870 4352 921 4421 (lui
933 4350 1184 4416 commutassemus
1197 4349 1298 4399 mimici.

238 4427 374 4484 condam
395 4424 503 4484 student
529 4428 650 4486 victores
673 4428 744 4484 Vide
787 4430 873 4484 Porro
886 4430 1031 4503 Intelligere
1049 4429 1113 4484 lieet
1127 4445 1160 4483 ex
1171 4423 1300 4497 Thncyd.
