2706 4770
534 360 672 429 VITA.
1070 386 1137 434 ιιιιι

69 483 289 555 Timoleontis
307 488 384 556 vitae
406 487 537 559 subdit:
562 519 579 556 α
604 494 647 559 Hi
668 492 736 559 fere
758 489 850 559 fuere
873 493 1009 560 Graeciae
1027 497 1133 589 gentis

70 590 189 678 duces,
198 593 255 686 qui
271 595 430 662 memoria
444 595 534 689 digni
546 596 760 682 videbantur,
771 611 890 691 praeter
901 598 1022 691 Reges:
1035 624 1132 668 nam·

71 721 138 788 que
157 723 213 766 eos
235 700 398 793 attingere
412 699 596 789 noluimus,
614 702 703 796 quod
722 705 869 770 omnium
886 728 938 771 res
959 719 1057 797 gestae
1077 730 1132 774 se·

73 806 212 894 paratim
246 819 324 874 sunt
357 805 475 876 relatae.
506 809 624 900 Neque
652 821 763 876 tamen
790 809 824 876 hi
848 808 1026 878 admodum
1055 826 1132 881 sunt

72 907 175 977 multi.
195 939 213 977 u
233 913 369 979 Externi
389 913 621 1006 imperatores,
636 938 718 1007 quos
731 914 910 1001 babemus,
927 914 1045 984 AEniilii
1063 942 1134 986 esse

72 1015 172 1083 Probi
191 1039 210 1083 a
229 1013 341 1086 multis
361 1016 550 1087 creduntur.
570 1019 639 1108 Qui
656 1044 748 1088 error
766 1020 841 1089 inde
855 1023 1023 1114 provenit,
1041 1023 1131 1115 quod

71 1119 207 1190 librario
222 1122 255 1190 id
270 1122 371 1192 fuerit
381 1127 588 1218 nomen5qui
602 1127 687 1194 vitas
701 1149 773 1213 eas,
786 1127 907 1220 partim
926 1150 983 1195 sua
992 1179 1001 1211 ,
1010 1130 1130 1222 partim

72 1229 174 1320 patris
200 1243 235 1296 et
255 1230 369 1298 matris
390 1253 490 1299 manu
514 1232 672 1324 scriptas,
694 1231 880 1300 Theodosio
905 1230 1032 1301 obtulit.
1059 1237 1131 1304 Hoc

72 1335 117 1401 ita
144 1358 237 1419 esse,
258 1333 438 1404 ostendunt
462 1333 638 1423 versiculi,
659 1337 716 1429 qui
737 1338 812 1405 vitis
836 1337 904 1405 istis
928 1339 1080 1430 praemitti
1096 1341 1131 1408 in

72 1441 168 1508 MSS.
180 1438 297 1508 solent
312 1443 361 1510 Ac
376 1465 438 1509 nec
451 1441 616 1511 AEmilium
626 1494 635 1528 ,
646 1466 707 1511 nec
718 1441 936 1511 Theodosium
950 1444 1010 1511 aevi
1024 1468 1133 1536 quem·
1251 1492 1258 1501 -

69 1569 189 1637 quiam,
202 1570 320 1615 eorum
334 1571 404 1616 esse
413 1545 574 1616 librorum
586 1562 772 1634 auctorem,
783 1546 916 1616 abunde
929 1549 1038 1642 arguit
1048 1574 1132 1643 pura

71 1664 105 1718 et
120 1653 276 1721 Romana
290 1651 400 1721 dictio.
413 1655 580 1747 Opinetur
593 1651 723 1747 aliquis,
739 1667 777 1721 nt
790 1654 970 1749 Trogusab
986 1657 1005 1721 J
1007 1655 1131 1743 ustino,

71 1758 117 1824 ita
135 1757 180 1825 ab
201 1756 353 1845 AEmilio,
375 1761 433 1852 qui
453 1760 514 1828 sub
526 1758 713 1829 Theodosio
733 1761 829 1847 vixit,
844 1762 879 1827 in
898 1758 1131 1852 compendium

73 1887 141 1931 esse
159 1863 334 1934 redactum
348 1866 523 1958 Nepotem.
540 1864 604 1933 Sed
625 1864 713 1934 aliud
735 1864 850 1934 suadet
870 1867 978 1958 operis
996 1868 1130 1935 concin-

72 1970 176 2056 nitas,
201 1984 238 2037 et
261 1969 315 2038 illa
342 1971 501 2065 praefandi
527 1972 629 2057 ratio,
651 1996 724 2063 quae
751 1985 801 2039 est
829 1972 863 2039 in
894 1971 1131 2065 Epaminondae

72 2076 156 2162 sita,
176 2099 215 2143 ac
230 2077 264 2143 in
276 2074 433 2170 Pelopida
451 2077 629 2170 imprimis,
642 2076 700 2143 ubi
711 2077 905 2144 brevitatem
924 2077 1045 2168 justam
1060 2077 1130 2171 pol·

73 2178 196 2249 licetur.
217 2185 372 2250 Attamen
390 2184 549 2251 sententia
570 2182 656 2266 haec,
675 2181 751 2250 licet
771 2204 927 2264 erronea,
945 2182 1051 2249 minus
1071 2207 1129 2277 pe·

73 2286 164 2354 riculi
189 2286 331 2373 habent,
357 2286 538 2356 dummodo
566 2297 659 2355 extra
685 2289 943 2356 controversiam
971 2303 1131 2379 maneat,

74 2391 239 2461 AEmilium
259 2395 370 2462 omnia
389 2392 430 2461 de
448 2393 628 2487 purissimis
649 2394 789 2486 Nepotis
809 2391 954 2461 fontibus
973 2392 1128 2464 hausisse.

75 2496 156 2565 Sane
179 2497 322 2568 Tulliani
343 2524 413 2568 esse
434 2500 495 2567 aevi
518 2500 731 2593 scriptorem,
757 2523 863 2591 neque
883 2496 1002 2584 alium,
1029 2524 1129 2591 quam

72 2602 258 2697 Nepotem,
276 2618 347 2673 tum
368 2619 516 2674 veterum
534 2602 659 2697 aliquot
679 2603 837 2672 librorum
851 2603 970 2672 indicio
990 2629 1129 2696 cognos-

74 2711 176 2796 citur3
195 2725 267 2780 tum
290 2714 408 2798 etiam,
423 2710 513 2803 quod
534 2709 575 2778 ad
600 2712 819 2803 Pomponium
844 2711 992 2779 Atticum
1009 2703 1129 2802 (cujus

74 2813 157 2883 idem
180 2831 301 2910 rogatu
317 2815 358 2885 de
379 2818 447 2884 vita
460 2817 595 2885 Catonis
613 2814 733 2884 librum
752 2806 852 2902 fecit)
866 2815 941 2883 vitae
959 2817 1028 2884 istae
1048 2817 1129 2882 scri·

76 2917 193 2990 bantur
210 2937 413 3016 :utcumque
434 2921 468 2990 id
485 2922 520 2989 in
543 2935 661 3015 quarto
680 2919 969 2990 Miscellaneomm
994 2944 1129 2990 suorum

77 3043 168 3119 neget
191 3030 413 3122 Hieronymus
437 3029 587 3122 Magius,
609 3029 665 3120 qui
683 3028 753 3120 ipsa
774 3027 914 3118 Nepotis
939 3024 1130 3116 praefatione

77 3134 148 3200 satis
172 3132 341 3202 refellitur.
363 3132 501 3204 Accedit
519 3147 552 3202 ct
573 3131 677 3202 altera
694 3133 789 3200 ratio.
808 3133 895 3199 Nam
916 3129 967 3198 his
988 3130 1129 3203 inlibris

76 3261 111 3304 ea
131 3238 241 3333 legere
258 3253 323 3325 est,
345 3264 416 3333 quae
430 3263 514 3334 opus
527 3239 592 3307 hoc
612 3240 771 3332 scriptum
789 3260 860 3305 esse
878 3234 1042 3324 clamant,
1063 3263 1128 3332 quo

75 3357 226 3438 tempore·
242 3347 418 3438 Pompeius
438 3359 472 3413 et
495 3347 606 3414 Caesar
625 3343 699 3439 plns
720 3357 887 3438 poterant,
908 3367 1007 3435 quarn
1028 3342 1128 3413 libera

74 3449 105 3516 in
125 3450 295 3545 republica
317 3451 492 3545 expediret.
520 3453 569 3518 Ea
594 3451 774 3519 Lambinus
794 3448 866 3517 loca
888 3450 1072 3541 congessit,
1092 3464 1130 3519 ut

76 3556 151 3625 nihil
166 3560 305 3626 attineat
319 3555 374 3625 illa
390 3558 444 3625 bic
463 3541 645 3650 reponere³.
657 3557 729 3626 Nec
745 3554 836 3623 libris
849 3555 917 3623 istis
931 3552 973 3620 de
985 3556 1074 3623 Viris
1093 3554 1129 3625 il·

114 3760 138 3812 3.
158 3759 194 3812 Et
212 3777 285 3812 nunc
299 3770 387 3811 tamen
402 3769 530 3829 repugnat
543 3755 578 3808 G.
624 3755 720 3807 creduto
743 3766 937 3807 communemente
963 3754 990 3805 di
1019 3753 1130 3806 Cornelio

75 3837 117 3890 Γπ.
130 3838 218 3891 ninek
232 3850 290 3891 toto
306 3837 393 3891 libro:
406 3835 499 3906 Saggio
512 3836 539 3888 dt
550 3855 581 3887 un
625 3835 867 3905 Nepotevenetiis,
885 3833 968 3887 1818.
985 3831 1131 3904 Respondit

75 3918 162 3969 Eram
170 3922 255 3969 critico
263 3936 310 3988 per
320 3920 437 3969 restituite
448 3915 483 3967 ad
492 3915 583 3968 Emilio
626 3933 689 3967 vero
704 3915 778 3968 Joele
797 3913 893 3966 Kohen
908 3930 915 3964 :
935 3911 1132 3966 Consirlcrazr‘oni

73 3998 152 4051 emta
164 3999 185 4049 u
195 3997 271 4058 tetro,
288 3998 328 4050 De
339 3998 393 4050 viti
405 3995 495 4051 excell.
508 3996 584 4066 imp..
626 3995 666 4049 sul
676 3994 783 4065 Saggio,
802 4005 851 4047 etc.
865 3990 1030 4058 Mediolani,
1046 3992 1129 4059 1819.
