2706 4770
500 319 816 390 urarranss.
1091 269 1092 272 Ὺ
1166 345 1190 417 9

154 431 283 507 decrerit.
307 441 445 510 Pontem
459 439 563 510 fecit
555 467 588 509 ιιι
603 445 690 512 Istro
704 443 854 530 flumine,
872 468 936 537 qua
955 443 1192 573 copiastradu-

148 560 245 612 teret:
265 546 337 638 ejus
360 549 488 640 pontis,
510 547 621 616 dum
613 573 681 642 rpse
707 548 850 633 abesset,
872 535 1042 618 custodes³
1064 549 1196 644 reliquit

143 640 314 745 principes⁴
319 705 329 735 ,
347 677 430 745 quos
443 677 554 724 secum
569 677 609 721 ex
621 654 715 722 Ionia
726 670 759 722 et
771 653 895 724 AEolide
905 654 1061 743 duxera13
1072 657 1194 748 quibus

144 756 299 851 singulis
290 782 440 852 ipsarum
467 759 598 828 urbium
628 774 787 854 perpetua
815 761 979 830 dederat
971 763 1116 856 imperia
1141 762 1195 830 Sic

145 865 216 930 enim
264 866 394 949 utavit,
421 863 575 933 facillime
600 891 635 934 se
663 891 770 958 graeca
795 865 905 962 lingua
931 867 1115 960 loquentes,
1139 869 1196 960 qui
1305 889 1312 896 ·

145 970 240 1037 asiam
279 969 481 1057 incolerent,
504 971 564 1039 sub
578 993 637 1039 sua
650 986 855 1041 retenturum
870 988 1048 1066 potestate,
1072 974 1098 1041 si
1113 974 1195 1040 ami·

145 1076 176 1143 cis
201 1078 270 1145 suis
292 1076 416 1171 oppida
438 1076 560 1145 tuenda
583 1076 787 1160 tradidisset,
809 1078 942 1170 quibus,
965 1103 998 1148 se
1022 1103 1196 1173 oppresso,

144 1179 217 1249 nulla
239 1207 318 1276 spes
336 1181 450 1252 salutis
469 1180 716 1276 relinqueretur.
740 1186 781 1251 ln
795 1183 860 1251 hoc
883 1184 946 1252 suit
966 1198 1037 1253 tum
1057 1208 1195 1252 numero

146 1285 315 1377 Miltiades,
332 1313 386 1358 cur
380 1287 460 1356 illa
479 1288 627 1358 custodia
650 1287 848 1358 crederetur.
868 1291 946 1374 llic,
968 1315 1069 1382 quum
1090 1289 1198 1359 crebri

116 1378 122 1401 ⁸
149 1391 289 1464 afferrent
303 1397 429 1480 nuntii,
450 1393 536 1463 male
551 1420 620 1463 rem
639 1420 752 1488 gerere
758 1380 951 1479 ⁶Darium,
971 1397 1141 1487 premique
1157 1394 1198 1461 ab

153 1499 277 1593 Scytbis3
297 1448 467 1569 Miltiades
484 1501 636 1569 hortatus
657 1515 707 1569 est
727 1502 836 1595 pontis
857 1499 1025 1585 custodes,
1048 1499 1199 1567 naalm-

154 1617 214 1673 tuna
222 1606 336 1676 datam
347 1608 555 1676 occasionem
563 1606 869 1701 liberandaegraeciae
882 1607 1100 1675 dimitterent:
1110 1628 1201 1690 nam,

157 1711 255 1781 sicum
275 1713 330 1781 his
346 1714 466 1808 copiis,
485 1739 567 1807 quas
585 1738 697 1782 secum
717 1727 1013 1808 transportaverat,
1027 1713 1203 1780 interiisset

158 1816 276 1904 Darius,
295 1843 367 1887 non
387 1818 493 1888 solum
516 1823 685 1912 Europam
705 1819 775 1888 sore
793 1835 913 1905 tutam,
937 1819 1107 1887 sedetiam
1130 1842 1202 1903 eos,

160 1923 199 2013 qui
217 1926 326 1994 Asiam
349 1924 533 1994 incolerent
553 1928 662 1996 Graeci
681 1950 816 2019 genere,
838 1925 960 1993 liberos
988 1949 1008 1991 a
1027 1926 1202 1993 Persarum

162 2024 267 2099 btturos
276 2024 554 2100 dominationeet
572 2030 729 2126 periculo.
754 2030 793 2098 ld
813 2045 847 2098 et
866 2029 959 2097 facile
975 2029 1064 2097 effici
1082 2053 1200 2123 posse:

162 2139 340 2225 paruerim
354 2139 513 2220 rescisso,
537 2162 648 2231 regem
660 2135 712 2205 vel
727 2137 870 2205 hostium
886 2136 990 2222 ferro,
1013 2134 1065 2202 vel
1079 2135 1205 2228 inopia,

160 2243 251 2332 paucis
269 2242 388 2312 diebus
406 2244 626 2311 interiturum.
651 2242 703 2311 Ad
727 2243 792 2311 hoc
810 2240 983 2311 consilium
1008 2265 1110 2334 quum
1137 2238 1205 2333 ple·

161 2345 251 2440 rique⁷
270 2349 484 2436 accederent,
506 2350 659 2418 Histiaeus
679 2348 841 2435 Milesius,
855 2373 896 2416 ne
910 2374 962 2417 res
970 2347 1206 2432 conficeretur,

160 2536 194 2590 ted
210 2541 366 2613 Europaeis,
385 2543 431 2613 qui
453 2542 564 2595 Tanaim
586 2542 656 2595 inter
698 2540 798 2594 Herod.
813 2541 936 2610 w,1t7.
950 2573 985 2584 -
1004 2540 1115 2593 Gracia.
1133 2539 1206 2591 Asia·

158 2628 178 2670 ι
189 2619 313 2673 Iaxartem
330 2639 419 2674 amnes
434 2622 477 2673 siti
494 2634 576 2674 erant.
699 2622 757 2674 ticae
769 2621 861 2673 scil-
871 2622 1091 2691 Transportaverat.
1104 2620 1206 2688 Nempe

188 2698 211 2751 3.
225 2700 352 2754 Castodes.
364 2701 471 2753 Etenim
483 2720 538 2753 non
552 2714 656 2753 tantum
699 2701 768 2753 ultra
779 2700 840 2752 [stri
849 2714 966 2770 pontem.
974 2731 1014 2741 -
1025 2698 1206 2766 Groecigerrm.

157 2773 184 2828 ad
196 2781 353 2842 transitum,
369 2779 414 2832 aed
429 2792 456 2833 et
471 2779 504 2832 ad
520 2799 656 2836 recursum
699 2780 752 2846 Qui
767 2798 848 2850 genus
863 2777 971 2850 quidem
987 2797 1001 2830 e
1017 2777 1118 2829 Graecia
1131 2773 1209 2828 duce·

156 2853 218 2911 bue
232 2872 344 2931 pontem
360 2859 466 2912 lecerat.
699 2857 863 2922 rent‚d0mo
871 2871 958 2911 tamen
966 2869 993 2910 et
1000 2857 1084 2927 patria
1092 2855 1208 2908 barbari.

188 2945 214 3002 4.
232 2938 369 3010 Pnacipu.
393 2939 537 2991 Primarios
559 2939 657 3004 cirea,
701 2971 741 2981 -
757 2940 962 2990 Domiaationeet
973 2936 1088 3005 periculo.
1104 2936 1208 3004 Tyran-

152 3015 300 3087 thtsce
316 3018 428 3071 urbibus
441 3018 602 3089 prefecerat.
701 3015 764 3070 nide
790 3017 937 3088 periculum
963 3014 1062 3067 Graecis
1092 3014 1210 3067 faciente.

195 3098 220 3148 5.
235 3096 329 3151 Asiam.
345 3098 481 3151 Minorem
496 3097 603 3151 scilieet.
619 3129 659 3140 -
702 3097 787 3148 Tanta
814 3095 884 3147 enim
909 3097 1048 3147 Persarum
1071 3090 1212 3146 crudelitas

154 3173 190 3229 Se
203 3192 313 3245 oppresso.
331 3176 382 3229 Si
375 3190 485 3249 ipsemet
499 3178 594 3230 Darius
610 3196 659 3248 op·
704 3176 731 3226 in
750 3173 865 3227 devictas
879 3186 985 3245 gentes,
1001 3185 1031 3224 ut
1048 3174 1116 3244 ipsas
1133 3173 1212 3225 variis

154 3254 318 3328 primam.
326 3258 430 3310 -Cua‘,
439 3255 559 3310 Referad
568 3275 660 3309 eorum
704 3254 896 3347 suppliciorum
917 3254 1056 3326 generibus
1079 3253 1212 3306 excrucia·

152 3337 385 3408 mquibus
394 3337 661 3408 scilieetcurapontis
703 3347 775 3398 rent,
788 3353 836 3387 nec
851 3335 967 3405 quietem
981 3333 1081 3386 ullam
1073 3352 1137 3404 rpsrs
1147 3352 1212 3385 con·
1252 3323 1257 3333 ’

150 3413 243 3469 tuendi
258 3417 480 3471 committeretur.
704 3413 836 3467 cederent.
843 3413 912 3467 Vide
928 3411 1028 3467 Herod.
1042 3411 1076 3465 (le
1089 3407 1212 3484 Zopyro,

191 3499 220 3549 ⁶.
234 3496 304 3550 Male
320 3516 369 3547 rem
383 3516 472 3564 gerere.
489 3497 537 3549 Uti
553 3495 662 3548 adversa
706 3495 747 3547 111
754 3495 836 3563 ,.159
848 3493 918 3547 Hmc
928 3495 1016 3565 Nepos
1025 3491 1127 3545 addrdrt
1137 3505 1161 3543 et
1170 3513 1214 3562 pe

148 3577 268 3628 fortuna.
283 3576 325 3628 Ita
339 3576 402 3627 male
413 3596 534 3647 pugnare,
547 3593 597 3647 pro
611 3575 663 3627 cla·
706 3575 787 3627 riculo.
805 3606 845 3616 -
862 3575 946 3645 Inopia
962 3578 1117 3624 interiturum.
1134 3571 1214 3625 Com·

148 3653 213 3708 dem
232 3656 370 3727 accipere,
383 3653 508 3709 adhibere
526 3656 592 3708 solet
609 3653 664 3706 Sal·
707 3655 836 3707 meatibus
852 3654 1006 3706 interclusis.
1024 3652 1123 3724 Supple
1135 3653 1214 3712 dreit,

148 3735 229 3798 lust,
236 3732 294 3787 rid.
306 3735 368 3806 lug.
379 3736 452 3800 LIV,
462 3736 527 3800 cn,
538 3735 626 3788 CXIV
639 3746 665 3786 et
708 3746 738 3786 ut
749 3753 828 3805 supra
840 3733 912 3786 hisce
923 3733 1032 3786 vocibus
1038 3751 1112 3801 pom
1121 3736 1154 3791 sr'
1164 3743 1214 3781 etc.

149 3815 258 3887 passim.
272 3846 316 3857 -
329 3816 451 3866 Hortatur
464 3827 506 3867 ert.
519 3773 603 3866 lloc
596 3830 666 3884 ipsos
750 3832 776 3884 7.
790 3814 909 3885 Plerique.
932 3813 1046 3865 Nomina
1067 3829 1158 3863 eorum
1174 3827 1217 3859 re·

149 3894 265 3966 Scythas
278 3893 370 3946 fecisse
378 3893 597 3965 Maltlademque
608 3912 666 3945 sua
709 3905 797 3946 censet
807 3891 973 3959 Herodotus
981 3894 1035 3957 IV,
1050 3891 1112 3943 rte.
1120 3886 1218 3938 -Ᾱσυ

151 3977 219 4029 ὡκ
239 3988 268 4027 et
295 3974 456 4045 approbatae
479 3984 668 4028 commemorat
710 3973 825 4028 cederent.
842 3973 902 4027 Illos
915 3973 966 4026 fuit
984 3929 1056 4042 aprid
1071 3969 1218 4030 Romanos,
