2706 4770
425 385 492 451 nr
518 384 759 452 runicis.
1033 350 1125 458 nin

72 515 152 609 quali
172 514 244 582 fere
259 540 409 584 sermone
424 529 481 583 aut
499 519 611 585 Caesar
623 519 655 584 in
671 519 916 586 commentariis
930 520 995 587 suis
1007 521 1128 607 utitur,

70 637 124 690 aut
139 624 186 690 Μ.
210 621 335 691 Tullius
351 623 384 690 in
402 620 546 717 epistolis
560 623 602 690 ad
623 626 790 710 Atticum,
806 625 886 691 etin
903 623 1069 694 nonnullis
1083 624 1125 695 ad

72 727 250 799 familiares
266 732 310 798 At
324 753 455 814 comm,
468 731 524 823 qui
541 729 803 799 Theodosiorum
815 744 909 799 aetatc
924 729 1126 817 floruerunt,

73 859 161 903 nemo
180 838 228 904 sic
250 837 370 904 Latine
385 833 513 904 locutus
528 849 578 905 est
589 863 598 918 3
609 836 666 905 sed
684 861 799 906 omnes
815 836 944 905 dicendi
955 861 1059 932 genus
1072 837 1125 906 vel

73 939 160 1034 longe
181 942 399 1028 arcessitum,
418 941 471 1009 vel
488 943 694 1037 impolitum,
716 940 767 1011 vel
787 942 949 1010 tumidum
968 957 1066 1035 atque
1081 945 1127 1011 in·

70 1046 199 1134 flatum,
217 1046 289 1132 vel,
304 1062 343 1116 ut
360 1046 546 1142 appellant,
568 1049 736 1137 floridum,
757 1064 790 1118 et
809 1049 974 1135 fucatum,
993 1046 1045 1116 vel
1064 1048 1129 1118 adi·

68 1167 197 1247 patum,
211 1169 247 1223 et
263 1156 403 1248 pingue,
424 1153 476 1222 vel
497 1157 721 1249 inquinatum,
739 1171 773 1223 et
794 1154 983 1240 sordidum,
1005 1154 1056 1222 vel
1075 1179 1128 1250 pe

68 1262 251 1353 regrinum‚
264 1275 297 1328 et
305 1259 552 1354 hyposoloecum
562 1275 775 1355 usurparunt.
788 1259 840 1328 Ad
850 1260 921 1328 brec
933 1275 1127 1353 argumenta

67 1365 199 1435 accedat
208 1368 314 1460 ipsius
329 1367 472 1434 auctoris
480 1370 713 1437 testimonium.
724 1370 857 1461 Ipsum,
869 1366 1020 1459 inquam,
1031 1365 1128 1457 hujus

68 1470 136 1540 libri
162 1473 389 1567 scriptorem,
417 1485 533 1541 testem
556 1475 686 1559 citabo,
712 1487 746 1541 et
767 1472 989 1541 testimonium
1013 1484 1129 1539 contra

68 1601 120 1646 eos
126 1580 214 1672 ,qui
234 1603 313 1647 erim
335 1577 513 1648 Theodosii
535 1579 691 1673 equalem
714 1579 813 1647 luisse
835 1576 1056 1662 contendunt,
1079 1576 1126 1645 di·

67 1699 193 1754 oentem
207 1684 402 1778 producam.
415 1685 580 1780 sicigitur
595 1711 628 1753 1n
639 1684 787 1753 Miltiade
801 1679 847 1773 (1,
863 1683 887 1752 6
890 1675 1001 1771 ,1):
984 1683 1127 1776 «Cujus

70 1791 229 1874 morin,
243 1814 317 1860 non
331 1789 475 1859 alienum
487 1791 616 1860 videtur
621 1790 735 1885 ,quale
750 1792 922 1908 praemium
936 1787 1076 1858 Miltiadi
1089 1790 1130 1858 sit

71 1895 249 1983 tributum,
274 1895 417 1965 docere·
439 1922 505 1992 quo
532 1897 657 1966 facilius
678 1896 812 1990 intelligi
825 1897 952 2015 possit,
977 1895 1127 1963 eamdem

70 2004 215 2070 omnium
237 2003 412 2071 civitatum
434 2028 504 2072 esse
521 2018 684 2072 naturam.
707 2005 755 2071 Ut
780 2004 867 2070 enim
888 1999 1003 2095 populi
1025 2001 1130 2068 nostri

72 2106 211 2176 honam
237 2107 408 2201 quondam
444 2108 579 2178 fuerunt
607 2111 672 2176 rari
708 2124 742 2176 et
764 2121 897 2193 tenues,
922 2106 966 2174 ob
994 2130 1132 2199 eamque

70 2236 200 2282 musam
232 2212 385 2307 gloriosi,
413 2239 501 2285 nunc
522 2230 631 2283 autem
656 2214 753 2283 effusi
778 2227 875 2308 atque
898 2211 1056 2295 obsoleti3
1084 2212 1131 2280 sic

69 2317 149 2387 olim
176 2320 269 2413 apud
294 2320 510 2391 Athenienses
535 2321 632 2390 luisse
656 2322 845 2416 reperimus.
874 2348 890 2383 r
923 2323 1002 2388 Haec
1030 2317 1132 2387 verba

68 2440 229 2518 arguunt,
247 2426 339 2496 hunc
357 2423 478 2495 librum
499 2429 657 2522 scriptum
677 2452 764 2513 esse,
782 2452 849 2520 quo
869 2439 1017 2520 tempore
1033 2448 1133 2520 penes

67 2529 230 2624 populum
252 2530 361 2626 aliqua
383 2535 482 2602 etiam
501 2548 646 2628 potestas
671 2538 762 2601 erat.¹
778 2535 865 2601 Nam
893 2556 959 2627 quo
983 2546 1133 2624 tempore

66 2637 274 2706 Theodosius
298 2638 500 2730 imperabat,
523 2639 603 2707 nihil
630 2653 761 2735 poterat
784 2637 935 2733 populus.
966 2639 1019 2705 Sic
1048 2635 1133 2703 idem

68 2741 192 2811 ibidem
205 2735 263 2829 (Ι,
285 2744 327 2829 8,
344 2737 403 2831 Sl:
420 2774 437 2809 r
455 2748 582 2814 Omnes
596 2761 704 2814 autem
727 2761 761 2814 et
780 2744 946 2814 habentur
967 2757 1001 2811 et
1020 2740 1134 2809 dicun·

66 2863 125 2916 tur
143 2850 294 2941 tyranni,
319 2853 375 2942 qui
395 2866 556 2945 potestate
581 2866 657 2920 sunt
680 2865 839 2946 perpetua
863 2852 897 2918 in
919 2873 957 2917 ea
978 2849 1135 2931 civitate,

65 2978 145 3048 qun
160 2953 313 3022 libertate
333 2979 392 3024 usa
414 2971 471 3025 est.
492 2987 509 3022 n
527 2958 629 3046 Quis,
647 2956 855 3026 mediocriter
872 2957 906 3022 in
923 2955 1049 3021 Latinis
1068 2952 1135 3019 his·

63 3060 164 3127 toriis
181 3059 328 3154 legendis
350 3078 518 3152 versatus,
540 3088 608 3131 non
627 3063 725 3130 sentit
746 3063 923 3143 continuo,
941 3082 1042 3152 quum
1066 3058 1135 3126 haec

63 3165 162 3233 audit
182 3180 240 3233 aut
260 3163 357 3259 legit,
375 3190 413 3236 ea
431 3194 498 3237 non
519 3193 589 3238 esse
608 3169 731 3261 scripta
747 3167 790 3235 ab
808 3166 941 3234 homine
959 3166 993 3232 in
1012 3188 1134 3259 regno,

63 3269 179 3341 velia
208 3274 356 3364 potentia
382 3275 559 3368 singulari,
580 3288 659 3342 nato
686 3289 784 3368 atque
805 3270 969 3342 educato?
989 3273 1074 3341 Nam
1108 3273 1135 3340 si

63 3380 112 3446 ita
140 3377 345 3469 scripsisset,
362 3379 585 3450 Theodosium
613 3380 727 3449 eadem
754 3406 854 3476 opera
871 3396 1052 3474 mannum
1067 3400 1132 3473 'ap-

63 3480 244 3577 pettam,
257 3486 313 3576 qui
327 3486 525 3580 singularem
541 3489 738 3581 potentiam,
751 3502 784 3557 et
799 3510 937 3581 regnum
954 3488 987 3554 in
1003 3487 1136 3555 civitate

64 3588 148 3657 olim
171 3587 276 3658 libera
305 3589 497 3677 obtinebat,
518 3596 667 3687 quamvis
695 3592 855 3688 populum
880 3616 948 3660 non
975 3591 1137 3675 liberum,

65 3693 126 3763 sed
145 3696 216 3788 jam
244 3698 394 3767 servituti
417 3700 656 3788 assuefactum,
673 3713 873 3794 acceperat:
898 3697 987 3793 quod
1005 3711 1137 3793 quantae

65 3800 302 3894 imprudentiae
319 3828 359 3871 ac
376 3805 548 3875 dementiae
567 3801 696 3875 luisset!
712 3807 811 3876 Nunc
830 3820 957 3891 autem,
975 3800 1136 3896 Pompeio

64 3922 98 3976 et
115 3907 251 3976 &aare
271 3912 358 3978 inter
371 3936 406 3980 se
419 3911 711 4001 contendentibus,
726 3928 759 3981 et
772 3928 914 4006 utroque
932 3905 1134 4005 probabilem

64 4037 105 4083 ec
121 4016 309 4108 speciosam
327 4015 548 4089 bellicensem
565 4016 741 4106 asserente,
755 4021 847 4111 quasi
863 4017 915 4085 vel
931 4015 1137 4096 libertatem,
