2706 4770
147 340 220 413 332
315 336 542 408 JOANNIS
570 335 724 403 HENR.
753 333 1038 403 SCIILEGEL

185 469 314 524 Themiat.
327 469 378 533 IV,
394 486 408 520 s
423 484 430 518 :
444 467 520 535 cujus
531 467 617 531 sama,
636 462 707 516 Edit.
724 463 755 515 P.
771 476 798 516 et
811 464 841 516 B.
849 465 969 535 flama,
984 463 1086 517 ufrh.

187 550 297 602 Pausan.
310 547 360 611 IV,
377 565 407 601 1:
421 544 524 597 vincula
540 544 656 616 epistolas
671 545 796 602 laceravit,
811 544 842 596 E.
856 544 887 595 B.
901 544 1008 604 hausu,
1026 543 1059 595 Ε.
1071 541 1102 595 P.
1119 559 1141 595 c.
1154 541 1194 595 'lb

186 629 270 682 Alcib.
283 628 322 690 11,
339 645 349 678 r
362 645 369 680 :
385 625 483 678 Graecae
495 625 589 694 linguat
604 624 752 695 eloquentia
762 623 917 680 dichronon,
930 624 965 677 E.
975 623 1008 675 B.
1016 622 1194 681 disertissim,

148 709 180 762 E.
190 708 220 760 Ρ.
235 719 261 759 et
276 724 298 758 c.
314 704 366 757 Tb.

189 786 288 857 Iphicr.
304 784 348 849 11,
364 784 379 836 5
394 780 603 854 :Epaminondae
619 778 762 834 retardarit
778 786 893 852 isceptas,
908 781 939 833 E.
956 781 988 833 B.
1002 784 1115 851 impetus,
1131 781 1158 834 ll.
1172 780 1194 833 Ρ.

150 879 177 920 et
195 885 218 918 c.
235 864 288 915 Th.
475 860 476 864 ’

189 940 315 996 Concedo
327 942 468 1007 ,lectiones
476 979 483 1006 ,
492 958 556 1011 quas
569 939 661 992 bosius
669 939 786 1012 recepit,
800 957 877 1011 posse
887 936 1009 1000 defendi,
1021 939 1121 993 muniri
1134 941 1194 992 etiam

151 1021 273 1076 codicum
288 1018 463 1092 quorumdam
480 1020 652 1085 auctoritate3
667 1018 713 1073 κά
735 1018 828 1084 credo,
849 1037 906 1082 eas,
926 1036 992 1089 quas
1008 1030 1119 1072 tenuere
1129 1016 1194 1072 editio

150 1103 290 1175 princeps,
301 1112 340 1164 et,
351 1111 447 1170 praetor
461 1099 538 1163 alios,
553 1097 636 1150 codex
648 1098 820 1161 Thottianus,
829 1098 911 1168 magis
923 1116 980 1150 esse
994 1099 1149 1169 probabiles

192 1181 260 1232 Milt.
273 1180 309 1243 V,
324 1180 355 1244 3,
369 1179 481 1250 legitur,
495 1190 525 1230 ut
538 1177 566 1229 in
578 1175 693 1231 editione
706 1178 830 1243 Bosiana,
843 1179 880 1230 sic
889 1178 972 1239 ,etiam
986 1177 1015 1229 in
1030 1176 1076 1230 ed.
1087 1177 1164 1230 Princ.
1175 1187 1195 1227 et

153 1259 244 1314 codice
258 1259 403 1311 Tbottiano
419 1275 425 1309 :
454 1283 464 1304 ι
477 1258 597 1327 Namque
608 1258 714 1310 arbores
726 1256 815 1309 multis
825 1256 891 1309 locis
902 1267 979 1308 erant
992 1276 1071 1318 ητα,
1084 1257 1135 1309 boc
1146 1274 1193 1308 aaa·

158 1366 169 1387 ι
181 1339 254 1401 silio,
269 1351 300 1390 ut
313 1349 340 1391 et
348 1336 478 1389 montium
487 1334 795 1406 tegerenturaltitudine,
808 1349 834 1388 et
845 1335 971 1388 arborum
985 1348 1073 1389 tractu
1085 1338 1194 1407 equitatus

157 1417 295 1471 ahostium
319 1413 500 1487 impediretur.
512 1440 524 1463 s
547 1413 671 1468 Eamdem
689 1415 830 1468 lectionem
849 1414 948 1485 recepit
971 1428 999 1468 et
1020 1415 1091 1468 tueri
1111 1412 1195 1468 videa

101 1557 105 1565 ι
153 1496 306 1549 Lambinus.
327 1495 507 1547 Nihilominus
520 1514 581 1548 cum
596 1493 716 1548 Harlesio
729 1507 755 1548 et
772 1494 828 1547 aliis
841 1491 1038 1565 praeferendum
1053 1493 1133 1548 credo
1143 1509 1194 1546 esse:

154 1577 269 1628 Arbores
287 1574 376 1627 multis
395 1574 460 1626 locis
479 1587 554 1627 eraut
566 1586 662 1636 struto,
684 1592 764 1645 quam
777 1591 870 1625 vocem
887 1573 988 1643 expetit
1004 1585 1031 1626 et
1044 1574 1102 1646 ipse
1111 1590 1194 1637 snm,

155 1668 182 1707 et
196 1653 224 1706 id
237 1652 310 1725 quod
328 1653 466 1724 sequitur:
486 1653 620 1706 Arborum
640 1665 725 1706 tractu
743 1653 874 1725 equitatus
894 1651 1014 1708 hostium
1033 1651 1194 1725 impedirem.

155 1737 253 1804 Aperte
265 1733 336 1784 enim
349 1733 467 1804 loquitur
482 1746 574 1784 auctor
587 1731 620 1785 de
634 1733 760 1796 consilio,
777 1730 850 1803 quod
864 1744 902 1784 est
921 1731 949 1782 in
962 1750 994 1784 re
1009 1732 1119 1786 militari
1136 1732 1195 1784 usita-

157 1812 300 1875 tissimum,
324 1823 350 1863 et
362 1809 435 1882 quod
448 1812 544 1863 nostris
560 1810 657 1865 dicitur
671 1811 788 1865 Verhacl.

196 1892 282 1943 Locus
297 1904 404 1943 vexatus
418 1891 447 1942 iu
462 1891 516 1942 vita
530 1891 625 1953 Attici,
638 1891 704 1955 XII,
715 1892 746 1956 3,
762 1903 792 1942 ut
807 1909 838 1942 ex
854 1888 971 1942 editione
984 1891 1099 1944 Bosians
1111 1888 1195 1942 editur:

162 1997 173 2017 ι
182 1970 250 2022 Nam
262 1988 344 2042 quum
359 1971 390 2023 L.
400 1969 496 2022 Saufeii
506 2008 514 2035 ,
523 1970 619 2041 equitis
631 1971 757 2035 Romani,
769 1970 874 2040 equalis
888 1970 944 2032 sui,
959 1970 1008 2039 qui
1023 1989 1086 2023 cum
1099 1988 1131 2023 eo
1142 1987 1196 2022 oon·

162 2076 173 2097 ι
183 2050 273 2121 plures
288 2067 386 2115 annos,
406 2047 495 2101 studio
513 2049 608 2102 ductus
620 2049 817 2121 philosophiae,
833 2049 987 2113 habitabat,
1007 2049 1198 2120 habebatqueia

162 2156 173 2177 .
182 2129 257 2181 Italia
264 2129 601 2200 pretiosaspossessiones,·
624 2128 763 2199 explicitus
773 2127 894 2182 redditur
905 2128 1022 2181 lectione
1031 2129 1197 2181 Lambiniaua:

147 2208 210 2271 ¹Qui
226 2208 375 2277 complures
394 2227 493 2264 annos,
512 2206 599 2260 studio
622 2206 717 2260 ductus
738 2207 926 2279 philosophias,
946 2208 1051 2259 Athenis
1076 2207 1198 2262 habitatu

159 2285 313 2337 Notandum
326 2287 397 2338 enim
411 2300 464 2350 est,
484 2306 561 2340 voces
576 2307 628 2338 curu
641 2307 668 2338 eo
679 2298 761 2340 auteo
774 2305 828 2339 uon
844 2287 957 2339 inveniri
970 2287 999 2339 in
1017 2285 1150 2340 codicibus
1160 2285 1199 2357 pri-

157 2364 259 2434 misque
277 2364 421 2435 impressis,
442 2363 488 2416 sed
505 2364 617 2436 adjectas
641 2385 695 2420 esse
716 2385 730 2419 e
754 2369 916 2436 conjectura,
933 2378 964 2418 ut
984 2367 1199 2438 aliquemsensaar
1234 2421 1237 2433 ,

158 2445 319 2514 praeberent,
334 2444 415 2496 relata
437 2443 471 2496 ad
490 2445 623 2497 habitabat.
652 2444 706 2498 Sed
722 2447 799 2517 longe
818 2446 913 2499 clarior
932 2459 972 2498 est
994 2465 1099 2508 sensus,
1122 2445 1199 2497 om'utt

159 2542 210 2574 eum
226 2543 264 2580 eo,
287 2522 387 2594 adjecto
404 2523 515 2576 Atlsem's.
536 2525 596 2577 Non
608 2525 657 2576 niti
671 2526 738 2578 banc
750 2526 890 2578 lectionem
899 2526 1049 2577 mutatione
1062 2544 1094 2577 ex
1108 2523 1198 2577 ubiuis

159 2602 282 2654 Lambini
298 2602 377 2666 facta,
404 2601 449 2655 sed
471 2602 523 2655 fide
542 2602 640 2656 codicis
659 2605 776 2675 antiqui,
793 2603 885 2657 docuit
905 2604 930 2656 J.
945 2604 975 2656 F.
990 2602 1197 2676 Heusingeus's

160 2681 358 2747 dissertatione,
370 2701 429 2753 quas
441 2681 551 2735 editioni
563 2683 735 2736 Fischeriauoe
744 2683 843 2754 adjecta
853 2695 900 2736 est.
914 2684 992 2755 legit
1003 2685 1077 2737 euim
1092 2684 1127 2737 ita
1137 2681 1199 2735 ediu't

162 2761 324 2822 Corneriaua,
339 2764 413 2832 cujus
425 2781 503 2833 supra
520 2762 681 2815 mentionem
694 2764 752 2816 leci.

201 2843 277 2893 VIII.
297 2842 344 2893 Est
356 2842 421 2893 honi
436 2842 662 2906 commentatoris,
675 2843 814 2895 observare
828 2843 899 2896 locos
911 2854 1066 2907 auctorum,
1081 2844 1109 2896 in
1123 2841 1200 2914 quib!

160 2919 200 2971 usi
216 2932 277 2972 sunt
291 2937 355 2972 voce
372 2919 504 2991 quadam,
523 2921 712 2992 significatione
731 2921 856 2993 peculiari
876 2933 920 2973 aut
940 2923 1031 2975 minus
1046 2923 1130 2975 solita.
1148 2921 1201 2973 Tu

160 2999 232 3051 euim
245 2997 394 3069 eruditione
409 3019 454 3052 sua
471 3019 550 3071 opem
570 3002 638 3054 serre
653 2999 731 3054 debet
744 3001 850 3062 lectori,
863 3019 916 3053 non
931 3001 1033 3054 utheri
1049 3002 1116 3054 solet
1126 3002 1152 3054 iu
1165 2997 1201 3052 il't

160 3076 240 3142 locis,
254 3097 320 3149 quos
333 3093 422 3132 mente
435 3078 468 3131 ad
481 3098 538 3132 rem
552 3093 649 3133 attenta
662 3093 688 3132 et
702 3078 848 3133 evolvendo
863 3080 948 3132 lexico
962 3081 1054 3151 quivis
1066 3081 1141 3135 faule
1151 3094 1202 3133 am

162 3157 261 3227 quitur.
278 3157 425 3228 Adjungam
441 3171 467 3210 et
479 3161 535 3228 ejus
547 3161 648 3229 generis
662 3160 863 3212 observationes.

201 3237 295 3306 Epam.
310 3238 392 3301 VIII,
408 3258 438 3300 n,
452 3238 547 3309 legitur
562 3257 568 3290 :
586 3240 623 3291 Ut
638 3240 665 3291 in
678 3239 784 3309 periodo
802 3257 849 3291 suo
864 3237 1022 3291 scriberent.
1040 3239 1116 3292 IIsnc
1130 3252 1203 3291 voce!

162 3329 313 3387 corruptam
337 3314 508 3369 crediderunt
526 3316 639 3370 editores
659 3318 818 3388 complures,
838 3335 920 3388 quum
942 3338 991 3389 per
1006 3331 1162 3372 contextum
1181 3312 1204 3366 dt

162 3393 241 3464 cippo
260 3395 333 3466 loqui
348 3393 444 3447 debere
459 3396 668 3467 Epaminondam
680 3409 812 3468 putarent.
832 3395 923 3449 Edidit
941 3395 1028 3449 Aldus
1049 3399 1166 3469 aepulas.
1186 3403 1205 3445 at

162 3472 224 3524 alias
242 3473 329 3525 minus
345 3474 431 3526 felices
449 3478 611 3546 conjecturas
625 3489 731 3529 taceam.
746 3474 796 3528 Sed
808 3488 960 3529 constanter
975 3489 1069 3530 tenent
1084 3477 1204 3530 lectione·

130 3569 139 3579 ·
160 3552 267 3620 periculo
277 3551 393 3617 codices,
410 3555 506 3624 quibus
518 3567 544 3607 et
558 3554 771 3609 annumerandus
784 3568 823 3608 est
834 3556 1002 3608 Thottianus.
1030 3554 1204 3610 ostendite·

164 3630 245 3681 multu
262 3630 413 3685 eruditione
433 3634 540 3698 bosius,
560 3634 605 3686 sed
625 3647 697 3688 tanta
719 3635 884 3705 prolixitate,
905 3647 934 3686 ut
950 3637 1090 3689 annotatio
1106 3634 1205 3687 dissult-

164 3708 243 3761 tionis
260 3711 373 3778 speciem
393 3712 496 3765 referat.
526 3713 663 3767 Concinue
684 3714 780 3786 magis,
803 3733 862 3785 quas
886 3712 920 3767 ud
944 3733 1001 3768 rem
1027 3710 1204 3786 intelligenda!

162 3787 277 3851 faciunt,
291 3789 395 3859 collegit
412 3790 545 3842 Gesnerus
557 3793 584 3844 in
599 3794 735 3846 Thesauro
747 3794 843 3864 lingue
859 3796 992 3846 Romanas.
1017 3795 1051 3847 In
1071 3786 1203 3865 explicas&

164 3866 354 3937 significatione
371 3868 404 3919 ab
417 3888 465 3920 usu
479 3873 612 3923 communi
631 3873 713 3926 aliena
723 3872 791 3925 nihil
808 3885 848 3926 est
860 3873 967 3940 utilius,
985 3892 1067 3945 quam
1078 3882 1202 3925 monstrat*

163 3958 329 4016 progressum
343 3948 527 4002 translationis.
541 3951 684 4005 Notissima
699 3965 738 4007 est
749 3953 793 4004 illa
805 3953 907 4024 periculi
919 3953 1078 4024 significatio
1091 3963 1200 4004 ream.
