2768 5198
358 351 471 420 CUM
496 351 640 419 PLUT.
670 350 1025 418 COMPARATIO.
1143 350 1217 424 383

161 483 259 547 «vitam
270 500 385 534 necsane
393 482 572 534 illustrissimis
581 481 743 533 facinoribus
749 500 851 551 semper
862 481 928 533 inest
937 480 1054 533 absoluta
1064 481 1169 536 virtutis
1174 497 1219 537 aut

162 590 175 610 a
183 564 310 615 vitiorum
325 562 515 626 manifestatio;
527 573 551 612 at
564 562 657 632 saepius
666 562 723 613 leve
737 559 870 631 quoddam
882 557 980 612 factum
992 573 1036 613 aut
1047 559 1162 627 dictum,
1176 566 1218 616 vel

164 669 176 690 a
187 642 296 713 puerilis
312 640 397 705 lusus,
413 660 499 693 mores
513 642 594 711 magis
608 653 697 712 aperte
716 639 850 704 declarat,
864 659 944 711 quam
957 652 1064 692 cruenta
1076 643 1178 711 prelia,
1193 657 1219 696 at

164 722 286 773 «bellicas
301 719 493 791 expeditiones,
516 733 542 771 et
555 721 763 791 oppugnationes
783 720 899 772 urbium.
919 720 1009 783 Quum
1026 738 1088 789 ergo
1104 722 1218 791 pictores

164 820 216 853 «ex
229 800 304 852 vultu
322 813 348 851 et
364 801 469 863 hante,
489 801 517 852 in
539 801 634 870 quibus
653 818 739 851 mores
763 796 1016 870 deprehenduntur,
1032 799 1217 854 similitudines

163 880 294 931 «omnino
307 877 422 949 pendere
435 880 596 935 existiment,
619 891 764 931 ceterarum
783 879 898 949 partium
918 878 1063 942 incuriosi;
1084 880 1121 931 sic
1140 880 1216 933 nobis

164 985 176 1006 ι
187 958 347 1012 concedatur
362 960 443 1011 animi
459 959 603 1029 pracsertim
615 958 719 1010 iudiciis
735 956 883 1021 adhaerere,
898 969 925 1009 et
938 957 1079 1026 imaginem
1090 964 1216 1030 cujusque

165 1065 177 1085 a
186 1039 281 1090 mentis
293 1039 455 1109 exprimere;
471 1038 573 1108 prolia,
595 1050 739 1109 caeteraque
749 1038 818 1088 bello
835 1037 877 1087 vel
891 1034 964 1087 domi
980 1047 1050 1106 gesta
1067 1040 1167 1091 ceteris
1177 1057 1216 1090 re-

166 1144 177 1164 ·
188 1118 349 1187 linquantur.
363 1144 374 1163 ι
397 1118 430 1169 ln
443 1118 484 1169 his
498 1115 572 1168 dedit
585 1118 647 1168 artis
659 1135 711 1170 sua
725 1116 799 1188 quasi
809 1116 901 1187 legem.

200 1203 255 1249 Nec
270 1209 399 1267 precepta
419 1208 535 1259 tantum,
557 1195 603 1248 sed
624 1197 773 1267 exemplum
793 1214 898 1267 quoque
915 1194 1071 1247 Plutarchus
1087 1196 1214 1250 exhibuit.

162 1275 270 1346 Ubique
282 1278 353 1328 enim
369 1277 397 1327 in
413 1277 482 1327 Vitis
500 1275 652 1346 hujusmodi
665 1276 745 1328 verba
766 1287 811 1326 aut
832 1275 898 1326 facta
913 1286 1070 1339 occurrunt,
1085 1293 1144 1346 quas
1162 1296 1215 1328 non

160 1367 215 1407 tam
229 1355 323 1408 fortem
339 1369 364 1406 et
380 1355 494 1425 peritum
508 1353 618 1419 ducem,
633 1374 721 1426 regem
734 1353 943 1424 magnanimum,
962 1365 1006 1405 aut
1019 1355 1149 1423 integrum
1160 1374 1214 1406 ma·

160 1435 300 1504 gistratum
313 1432 485 1498 describunt,
502 1453 580 1504 quam
602 1434 687 1505 ipsum
710 1433 862 1496 bominem,
880 1433 963 1504 qualis
977 1433 1065 1485 fuerit.
1085 1433 1214 1504 Equidem

160 1531 244 1583 quum
257 1512 384 1576 viderim,
409 1515 436 1565 in
459 1514 553 1566 Curtio
568 1525 613 1565 aut
627 1513 754 1577 Arriano,
768 1511 946 1565 Alexandrum
967 1512 1033 1564 bella
1047 1524 1074 1564 et
1092 1511 1212 1566 incendia

161 1593 238 1662 longe
254 1594 355 1664 lateque
367 1594 610 1658 circumferentem,
624 1605 651 1646 et
662 1591 778 1655 domito,
797 1611 848 1662 qua
867 1592 990 1663 patebat,
1009 1591 1073 1662 Cyri
1089 1592 1214 1663 imperio,

163 1670 197 1724 ad
206 1671 291 1725 aridas
304 1691 384 1742 usque
395 1672 551 1743 Scytharum
560 1670 713 1725 solitudines
723 1685 749 1724 et
760 1673 911 1736 Oceanum,
922 1684 1051 1724 terrarum
1060 1673 1215 1738 terminum,

161 1769 251 1804 avaras
261 1764 287 1804 et
297 1752 455 1804 insatiabiles
464 1753 642 1823 porrigentem
650 1770 755 1817 manus,
766 1751 933 1803 ambitiosum
940 1768 1028 1821 regem
1040 1750 1132 1816 fuisse,
1148 1753 1214 1806 mibi

162 1831 331 1902 perspicuum
346 1844 399 1894 est;
419 1831 464 1884 sed
479 1833 596 1902 plenior,
610 1844 640 1884 ut
653 1832 790 1898 existimo,
806 1843 833 1882 et
848 1829 963 1883 vividior
975 1831 1060 1902 imago
1075 1830 1176 1897 fuisset,
1192 1834 1213 1884 si

145 1933 149 1939 ·
163 1928 242 1977 cum,
257 1923 286 1962 ut
295 1911 462 1975 Plutarchus,
470 1909 655 1973 ostendissent,
668 1930 781 1984 puerum
792 1909 878 1963 adhuc
887 1922 913 1962 et
921 1911 949 1962 in
957 1911 1042 1981 prima
1053 1922 1139 1974 etate,
1152 1929 1214 1963 mo·

163 2002 279 2054 rentem,
288 1989 359 2060 quod
371 1991 488 2042 omnium
498 1991 582 2042 victor
591 1990 729 2062 Philippus
739 1991 806 2042 nibil
813 1991 863 2061 ipsi
871 1988 1030 2042 vincendum
1040 1990 1214 2059 relinqueret,

163 2087 193 2122 ac
205 2068 302 2122 deinde
317 2070 450 2122 Aristoteli
466 2070 612 2134 infensum,
628 2069 700 2141 quod
713 2071 810 2122 librum
831 2067 970 2132 edidisset,
988 2069 1083 2138 inquo
1099 2071 1213 2121 occultas

162 2147 296 2202 doctrinas
316 2150 417 2202 fecisset
438 2150 536 2220 publici
553 2149 637 2220 juris,
657 2148 721 2203 dum
735 2150 790 2219 ipse
805 2149 854 2201 sibi
871 2149 918 2200 uni
936 2159 1010 2200 noma
1028 2148 1122 2216 vellet,
1139 2150 1212 2219 quasi

163 2247 218 2281 non
237 2227 330 2282 mundi
348 2229 449 2294 solum,
469 2228 513 2282 sed
532 2229 650 2281 omnium
659 2230 834 2305 'physicarum
853 2244 942 2280 rerum
958 2240 1067 2298 angsrsto
1085 2227 1112 2279 in
1130 2228 1214 2280 limite
1315 2269 1317 2273 ‚

163 2320 287 2373 esmona,
300 2326 453 2379 superarum
464 2327 568 2379 quoque
580 2322 605 2360 et
620 2310 751 2362 mentibus
769 2320 869 2361 tantum
881 2321 1063 2379 perceptarum
1073 2308 1214 2379 imperium

163 2399 306 2459 appeteret.
325 2389 381 2441 Nos
392 2387 514 2458 quidem,
528 2388 634 2460 quando
644 2390 729 2442 Cesar
737 2390 865 2460 populum
873 2388 1054 2459 largitionibus
1061 2387 1110 2439 sibi
1122 2384 1214 2440 devin-

162 2467 212 2531 cit,
228 2479 274 2520 aut
288 2487 348 2520 curu
366 2468 491 2540 Pompeio
509 2480 536 2520 et
549 2469 642 2521 Crasso
667 2469 808 2522 amicitiam
828 2469 979 2539 conjungit,
1001 2480 1031 2519 ut
1050 2467 1151 2519 nefario
1168 2467 1214 2518 illo

163 2547 332 2600 triumviratu
352 2548 541 2619 rempublicam
556 2549 702 2619 opprimat,
720 2561 875 2619 perpetuum
903 2545 1058 2598 dictatorem
1080 2547 1213 2616 prasenti·

163 2644 238 2690 mus;
252 2639 278 2679 at
290 2639 389 2695 quanto
405 2627 519 2697 apertius
536 2628 631 2698 ipsese
644 2626 769 2691 declarat,
786 2623 921 2696 Euripidis
932 2643 1037 2677 versum
1049 2622 1211 2676 dictitando:

164 2705 194 2758 Si
205 2707 343 2757 ablundam
359 2719 394 2756 est
403 2710 458 2775 jus,
479 2711 549 2774 regni
564 2718 653 2756 tuntum
666 2711 746 2775 gratio
762 2704 899 2756 vulandans
912 2716 955 2756 est.
976 2703 1064 2756 Ceteri
1086 2702 1213 2755 cesarem

159 2797 305 2856 ¹tyrannum
314 2786 382 2837 inter
396 2786 507 2837 ilomaui
520 2786 570 2836 fori
581 2786 708 2837 tumultus
716 2783 898 2849 ostenderunt3
911 2781 1065 2835 Plutarchus
1072 2794 1213 2854 tyrannum

162 2865 192 2916 in
203 2862 307 2917 deserto
314 2865 491 2936 Hispaniensis
501 2864 646 2935 provincio
654 2862 782 2935 oppidulo
791 2862 979 2934 deprehendit,
993 2862 1022 2913 in
1033 2879 1087 2932 quo
1097 2862 1212 2933 primum

163 2962 192 2996 se
201 2961 255 2996 esse
269 2944 358 2996 mallet
365 2944 459 3008 Caesar,
473 2963 551 3015 quaxn
567 2945 657 2996 Romu
668 2942 821 2996 secuudum.
842 2943 937 2995 Nullus
952 2953 1038 2995 autem
1058 2940 1098 2992 vel
1116 2942 1144 2992 in
1157 2942 1213 3012 ipsa

162 3035 278 3094 paternae
292 3022 400 3087 domus,
413 3025 453 3076 vel
468 3024 495 3075 in
507 3024 697 3077 rhetoricarum
710 3024 876 3076 officinarum
887 3024 991 3084 umbra,
1005 3021 1135 3072 curiosam
1151 3021 1213 3073 Plu·

162 3103 248 3154 tarcbi
263 3103 344 3155 aciem
361 3104 455 3174 fugiam
469 3104 515 3175 qui
527 3108 580 3175 jam
596 3104 623 3155 in
643 3103 754 3174 pueritia
768 3103 915 3173 pervicaces
923 3115 949 3154 et
964 3100 1073 3152 invictas
1082 3101 1211 3152 Catonum

164 3182 263 3234 animas
277 3181 384 3252 detegit.
405 3184 471 3234 Nam
490 3202 546 3254 quas
563 3185 679 3254 pericula
694 3201 810 3253 unquam
833 3181 967 3247 horrebit,
988 3197 1067 3251 quem
1092 3198 1126 3231 ne
1142 3199 1213 3231 mors

164 3259 273 3332 quidem
288 3261 360 3314 flexit
375 3281 457 3333 puero
471 3283 485 3314 a
500 3264 581 3315 Latiis
598 3264 687 3333 legatis
702 3261 845 3314 intentata?
865 3262 951 3327 Quem
981 3276 1097 3329 unquam
1122 3270 1212 3328 tyran·

165 3358 231 3392 num
243 3340 320 3405 feret,
338 3342 382 3411 qui
401 3343 471 3413 ipsos
490 3345 566 3395 etiam
578 3342 647 3395 inter
660 3339 852 3413 condiscipulos
866 3340 972 3412 tyranni
984 3338 1068 3390 filium
1082 3338 1176 3408 pugnis
1187 3352 1213 3391 et

165 3421 313 3490 unguibus,
326 3440 407 3492 quum
418 3423 491 3473 aliter
500 3441 555 3474 non
567 3435 667 3493 posset,
681 3423 780 3474 lacessit
790 3434 816 3473 et
825 3417 1006 3491 persequitur?
1019 3417 1141 3470 Infinitus
1150 3417 1212 3483 sim,

165 3499 187 3550 si
202 3500 290 3551 omnia
304 3501 455 3572 hujusmodi
470 3502 587 3572 exempla
599 3502 643 3554 hic
659 3501 752 3554 afferre
765 3501 852 3552 velim.

203 3577 255 3630 Sed
268 3598 350 3651 quum
363 3581 432 3632 inter
446 3581 565 3633 homines
589 3580 677 3633 adesse
697 3599 800 3652 semper
819 3578 939 3631 videatur
953 3593 1030 3629 suurn
1044 3577 1141 3646 cuique
1161 3577 1213 3628 vir·

163 3657 214 3708 tuti
231 3657 339 3723 vitium,
360 3661 396 3713 sic
413 3678 544 3711 summum
561 3659 628 3712 illud
647 3680 750 3712 morum
769 3673 795 3712 et
811 3661 919 3730 privatae
934 3657 994 3709 vito
1013 3654 1129 3708 studium
1148 3656 1211 3708 scri·

160 3747 266 3807 ptorem
282 3737 314 3789 ad
337 3738 364 3791 id
382 3737 505 3803 adduxit,
522 3751 551 3790 ut
568 3737 688 3809 quasdam
708 3740 812 3792 levioris
830 3751 857 3792 et
877 3737 949 3810 qnasi
968 3734 1065 3788 nullius
1086 3734 1212 3786 momenti

162 3828 274 3869 notaret.
296 3819 434 3871 Neminem
447 3838 508 3871 sane
523 3818 602 3882 fallit,
617 3832 717 3871 veteres
730 3820 870 3871 maximam
889 3820 917 3870 in
930 3815 1062 3869 servandis
1075 3813 1211 3884 auspiciis,

160 3892 341 3967 adeundisque
353 3900 463 3951 oraculis
479 3917 567 3952 curam
583 3899 711 3969 posuissem
731 3916 815 3970 neque
828 3917 884 3951 rem
898 3897 1023 3950 historico
1039 3888 1211 3946 omittendam

160 3991 264 4032 censeo.
285 3980 320 4030 At
334 3980 441 4032 minime
456 3990 622 4046 necassem,
638 3989 669 4030 ut
683 3978 826 4031 fabulosam
838 3977 898 4031 ideo
908 3977 1067 4046 ineptiarum
1078 3971 1173 4025 seriem
1184 3971 1213 4022 in
