2706 4770
190 329 257 380 vrn
430 312 434 319 '
576 312 837 381 EDITORIS

190 469 298 539 vexati
310 492 349 555 ,a
364 470 529 538 veteribus
538 472 658 540 nostris
667 470 871 540 bibliothecae
881 472 1068 540 Parisiensis
1081 470 1246 540 codicibus

191 600 392 704 (praesertim
414 635 445 677 n.
472 606 588 705 5857,
610 609 711 695 6143
725 605 754 698 l,
773 609 826 679 vel
840 610 882 680 ab
896 612 1028 704 optimis
1048 614 1247 689 Batavorum

192 752 500 844 Germanorumque
518 752 646 845 scriptis
665 766 722 818 aut
741 750 834 818 editis
849 748 953 836 libris,
969 749 1125 819 auxilium
1144 767 1177 820 et
1198 749 1246 818 lu·

192 913 264 958 cern
282 903 406 958 attenta
421 891 665 984 comparatione
683 892 822 959 mutuati
844 915 966 958 sumus.

245 1047 362 1116 Varias
385 1071 465 1115 vero
484 1044 653 1136 lectiones,
676 1050 798 1142 quippe
820 1072 892 1141 quae
912 1045 1128 1147 solagjustum
1150 1045 1248 1115 volu·

192 1210 269 1256 men
287 1186 423 1282 implere
443 1203 594 1283 possent,
619 1191 788 1257 universas
813 1188 910 1257 edere
932 1213 1035 1282 quum
1061 1213 1161 1282 penes
1187 1213 1248 1256 nos

192 1353 260 1398 non
282 1342 380 1417 esset,
396 1331 492 1399 certis
512 1329 632 1397 finibus
643 1331 923 1422 circumscriptos,
940 1354 995 1397 eas
1013 1343 1139 1398 tantum
1157 1327 1248 1397 dele·

193 1472 299 1567 gimrm
320 1472 586 1540 annotationibus
604 1472 890 1561 intermiscendas,
903 1497 984 1567 quas
1002 1474 1168 1541 sententiae
1182 1474 1249 1558 vis,

191 1611 410 1705 antiquitasve
429 1611 504 1679 libri
526 1611 800 1699 commendabat;
819 1637 924 1706 neque
943 1612 1025 1681 adeo
1045 1611 1246 1696 scribarum,

99 1765 103 1770 ’
192 1749 261 1820 aive
275 1773 451 1846 operarum
462 1748 628 1818 erroribus
639 1749 716 1819 hinc
725 1749 800 1818 inde
812 1748 1001 1846 colligendis
1010 1750 1243 1819 insudavimus.

122 1942 125 1947 ·
243 1906 401 1979 Deiectus
417 1931 547 2001 quoque
563 1907 734 1976 habendus
753 1907 814 1976 fuir
829 1907 861 1974 in
881 1908 1125 1975 commentario.
1150 1906 1248 1976 Multi

191 2052 279 2117 enim
299 2046 491 2142 explicanda
513 2063 729 2143 praetereunt,
746 2048 779 2116 in
797 2047 1006 2142 supervacuis
1018 2048 1245 2117 immorantur.

191 2192 284 2260 Dum
311 2185 472 2257 elementa
496 2202 529 2257 et
553 2188 692 2283 syllabas
714 2191 917 2274 examinant,
942 2212 1047 2256 annus
1075 2202 1133 2257 est.
1162 2193 1248 2276 Nos,

192 2330 374 2424 perspicue
398 2328 565 2399 brevitatis
587 2330 740 2418 studiosi,
762 2330 893 2424 optimis
914 2329 1090 2398 Variorum
1112 2330 1198 2398 notis
1217 2343 1249 2397 et

192 2470 331 2556 criticis,
349 2482 399 2558 et,
417 2493 490 2562 quae
511 2468 606 2537 valde
623 2484 796 2563 praestant,
817 2470 1002 2557 historicis,
1022 2494 1124 2538 novas
1138 2469 1248 2564 plures

192 2608 386 2678 addidimus.
407 2618 514 2703 Atque
531 2608 586 2678 hic
610 2607 774 2703 piaculum
794 2623 878 2678 esset
898 2635 965 2677 non
989 2607 1101 2695 fateri,
1124 2623 1248 2702 quanto

163 2793 167 2801 -
193 2750 289 2819 nobis
315 2748 506 2842 adjumento
536 2748 659 2818 fuerint
686 2750 827 2819 editores
856 2750 993 2842 Nepotis
1026 2750 1249 2837 recentiores,
1274 2722 1280 2731 ,

193 2892 224 2959 J.
260 2889 349 2958 Frid.
376 2890 536 2975 Fischer,
557 2890 620 2958 Th.
647 2890 727 2959 Chr.
759 2889 918 2974 Harless,
945 2892 998 2985 Fr.
1034 2889 1250 2976 Scbmieder,

193 3032 230 3098 F.
244 3030 285 3097 R.
296 3027 458 3118 Ricklefs,
474 3031 553 3099 Chr.
563 3033 604 3097 Η.
619 3030 765 3119 Pendet,
776 3045 875 3124 atque
887 3031 920 3097 in
933 3030 1046 3124 primis
1056 3030 1107 3096 vir
1122 3028 1250 3099 dillnsae

195 3170 354 3240 doctrine
368 3169 500 3264 plenus,
510 3185 544 3240 et
556 3196 665 3240 rerum
680 3172 966 3266 grammaticarum
979 3168 1249 3257 studiosissimus,

196 3311 272 3379 Car.
295 3313 396 3378 Henr.
412 3310 620 3399 Tzscbucke,
637 3313 690 3380 cui
709 3327 866 3406 quantum
887 3311 1061 3379 debeamus
1082 3310 1150 3403 ipse
1169 3309 1250 3379 liber

197 3449 297 3521 fidem
324 3449 429 3520 faciet.
455 3454 579 3520 Paucas
606 3453 703 3521 etiam
729 3451 818 3523 Guil.
847 3456 947 3520 Henr.
979 3448 1101 3519 Bardili
1128 3465 1250 3536 notas,

196 3615 301 3685 quum
315 3592 504 3659 Staveriana
519 3590 619 3658 editio
636 3614 655 3658 a
674 3593 716 3661 V.
734 3593 774 3660 C.
787 3591 969 3684 recognita,
983 3614 1083 3684 opere
1100 3589 1164 3658 boc
1183 3588 1271 3656 fcre'

198 3729 367 3820 absoluto,
380 3731 575 3826 Stutgardiae
587 3731 868 3826 prodiisset,inter
879 3733 1046 3802 Excursus
1057 3730 1098 3798 ad
1112 3726 1251 3797 volumi-

200 3871 251 3941 nis
271 3870 370 3943 linem
388 3871 567 3966 rejecimus.
584 3873 696 3961 Quin,
714 3871 828 3966 priscae
846 3872 1037 3970 eruditionis
1056 3884 1251 3964 apparatum
