2706 4770
129 362 229 433 ,χιιι
510 338 840 406 TESTIMONIA

146 486 301 540 rentur.»
331 469 392 535 Hic
414 491 544 560 quoque
570 465 662 536 locus
686 466 850 551 declarat,
872 466 962 535 liunc
987 465 1109 537 librum
1137 492 1208 539 esse

145 578 319 670 scriptum,
329 597 394 666 quo
409 587 557 666 tempore
568 572 710 668 populus
721 576 890 642 Romanus
904 575 1033 668 imperii
1043 598 1209 645 summam

145 680 332 766 obtinebat,
349 704 415 748 non
429 704 494 773 qno
506 683 720 774 imperatores
733 681 844 749 omnia
854 681 888 747 in
903 703 994 748 suam
1009 695 1210 774 potestatem

145 787 349 881 redegerant.
371 787 478 872 Nam,
497 787 748 880 imperatoribus
766 786 1027 872 dominantibus,
1048 790 1211 857 Germani

147 909 180 964 et
201 893 349 961 barbarae
370 895 519 961 nationes
536 892 781 961 firmamentum
798 907 832 961 et
849 893 951 960 robur
970 906 1066 993 erant
1083 895 1209 963 exerci-

146 1016 258 1086 tuum,
275 1024 342 1067 non
360 999 503 1067 Romani
521 1014 578 1067 aut
592 1001 728 1071 omnino
748 1001 864 1068 Latini.
884 997 966 1067 Ibid.
988 990 1151 1088 (XVIII,
1171 999 1211 1088 8,

150 1132 192 1193 a,
215 1102 287 1194 )sic
309 1131 316 1172 :
342 1108 528 1198 «Namque
546 1103 600 1173 illa
618 1105 762 1200 phalanx
780 1104 954 1173 Alexandri
976 1106 1112 1199 Magni,
1135 1130 1211 1199 quan

146 1215 258 1282 Asiam
275 1225 487 1306 peragrarat,
504 1212 733 1306 deviceratque
751 1215 884 1296 Persas,
905 1214 1086 1280 inveterata
1105 1235 1211 1306 quum

150 1318 274 1413 gloria,
295 1333 364 1386 tum
394 1319 492 1386 etiam
516 1317 664 1403 licentia,
682 1343 749 1385 non
772 1340 889 1410 parere
910 1342 944 1386 se
965 1315 1130 1401 ducibus,
1152 1317 1212 1386 sed
1252 1382 1255 1389 ,

149 1427 312 1520 imperare
326 1423 513 1518 postulabat
524 1450 532 1491 ε
543 1438 578 1492 ut
594 1448 684 1491 nunc
699 1425 844 1491 veterani
862 1422 986 1492 faciunt
1003 1424 1120 1491 nostri.
1137 1424 1210 1492 lta·

150 1557 215 1626 que
235 1528 416 1626 perieulum
438 1544 508 1614 est,
521 1555 563 1598 ne
578 1530 715 1617 saciant,
732 1529 821 1623 quod
835 1527 880 1597 illi
901 1529 1069 1616 fecerunt,
1085 1551 1147 1597 sua
1163 1531 1212 1597 iu·

151 1638 368 1756 temperantia
389 1636 552 1728 nimiaque
574 1635 704 1705 licentia
731 1649 768 1703 nt
785 1636 896 1704 omnia
913 1635 1079 1731 perdant;
1105 1659 1214 1729 neque

151 1746 260 1811 minus
286 1767 363 1827 cos,
389 1764 463 1807 cum
492 1741 612 1858 quibus
633 1738 806 1828 steterint,
830 1766 931 1835 quam
951 1741 1109 1810 adversus
1131 1766 1214 1836 quos

154 1847 299 1916 fecerint
316 1878 333 1911 n
356 1848 419 1915 Hic
438 1845 592 1934 locus,
568 1872 602 1914 si
614 1862 737 1916 attente
754 1847 993 1931 consideretur,
1015 1870 1157 1940 unaque
1171 1846 1214 1916 le-

153 1967 290 2048 gantur,
317 1977 389 2047 quae
412 1951 455 2021 ad
476 1978 552 2023 eum
573 1954 822 2039 annotavimus,
843 1955 990 2021 omnium
1010 1954 1216 2047 apertissime

153 2060 276 2129 indicat
307 2074 404 2152 atque
430 2062 564 2154 arguit,
590 2059 689 2152 hujus
712 2057 786 2127 libri
814 2060 1009 2154 scriptorem
1042 2058 1217 2128 consulum

126 2224 129 2239 .
153 2190 362 2253 annnorum,
383 2190 452 2233 non
475 2168 711 2259 imperatorum
737 2179 992 2260 perpetuorum,
1012 2164 1217 2258 temporibus

155 2287 188 2341 et
206 2271 355 2340 floruisse
374 2285 408 2338 et
429 2273 605 2365 scripsisse.
626 2273 667 2341 In
689 2274 817 2340 Catone
834 2266 992 2361 (XXIV,
1011 2297 1052 2356 a,
1069 2266 1130 2358 a,)
1145 2270 1216 2339 sic:

159 2407 176 2443 α
194 2378 247 2446 Ibi
260 2402 361 2470 quum
383 2376 505 2446 diutius
527 2390 732 2462 moraretur,
748 2381 783 2446 P.
799 2379 908 2472 Scipio
929 2377 1121 2465 Africanus,
1138 2400 1218 2445 con-

155 2482 206 2554 sul
221 2483 464 2574 iterum,cujus
483 2484 516 2550 in
535 2485 645 2577 priore
662 2482 834 2553 consulatu
855 2497 998 2577 qnaestor
1016 2482 1145 2569 firerat,
1160 2506 1218 2550 vo·

157 2589 218 2659 luit
237 2614 313 2657 eum
340 2589 381 2657 de
407 2591 577 2682 provincia
607 2588 794 2683 depellere,
818 2604 852 2659 et
878 2592 948 2683 ipse
971 2590 1001 2657 ei
1030 2588 1217 2657 succedere

156 2699 275 2790 Neque
287 2695 352 2763 hoc
365 2720 423 2789 per
435 2710 584 2764 senatum
597 2695 729 2765 efficere
746 2697 870 2789 potuit,
882 2720 984 2790 quum
999 2693 1134 2788 quidem
1148 2694 1219 2765 sci·

158 2804 214 2897 pio
229 2804 263 2870 in
285 2803 417 2871 civitate
434 2802 654 2896 principatum
674 2801 853 2871 obtineret:
871 2801 960 2894 quod
981 2815 1052 2869 tum
1074 2824 1144 2868 non
1160 2824 1219 2895 po·

158 2910 279 2993 tentia,
294 2907 351 2976 sed
364 2908 456 2999 jure,
478 2905 661 3002 respublica
682 2906 982 2976 administrabatur.
1008 2906 1129 2994 »Quis
1153 2930 1221 2975 non

158 3014 268 3101 videt,
296 3013 346 3082 his
368 3016 480 3108 paucis
503 3013 613 3085 verbis
635 3016 813 3107 potentiam
836 3013 1000 3107 Pompeii,
1021 3026 1054 3081 et
1080 3013 1222 3081 maxime

161 3121 317 3206 Caesaris,
333 3120 478 3189 vellicari
497 3145 535 3190 ac
551 3122 658 3189 notari
671 3119 685 3189 Ρ
697 3121 756 3188 His
771 3120 839 3189 fere
858 3120 1058 3214 argumentis
1077 3141 1116 3187 ac
1131 3118 1222 3187 testiss

161 3227 280 3293 moniis
295 3227 328 3292 in
344 3226 429 3295 lianc
442 3228 630 3321 opinionem
645 3226 808 3311 adducor,
820 3240 858 3294 ut
869 3252 924 3295 eos
939 3248 1143 3318 magnopere
1157 3220 1224 3293 salli

160 3331 360 3415 existimem,
387 3333 442 3422 qui
468 3332 566 3424 liujus
595 3331 669 3400 libri
698 3335 892 3426 scriptorem
921 3344 1016 3400 aetate
1044 3328 1224 3399 Theodosii

163 3437 279 3505 vixisse
303 3438 579 3529 pronuntiarunt,
605 3439 754 3529 quamvis
775 3439 885 3531 magni
911 3438 1053 3506 nominis
1077 3438 1170 3522 sint,
1191 3436 1224 3503 in

162 3542 280 3636 quibus
298 3557 348 3610 est
368 3541 587 3612 Robortellns.
609 3544 722 3611 Fuerit
747 3546 834 3612 enim
859 3545 1069 3638 quantumvis
1087 3541 1227 3628 doctus,

163 3646 274 3717 multis
302 3651 336 3715 in
361 3649 459 3717 rebus
485 3647 583 3716 fuerit
606 3647 756 3719 oculatus
787 3665 821 3718 et
846 3652 1039 3745 perspicax,
1058 3647 1163 3717 solers
1193 3660 1249 3723 et¹

164 3769 300 3826 acutus:
316 3756 489 3849 ignoscant
508 3755 589 3824 mihi
611 3770 720 3824 tamen
743 3755 924 3826 Robortelli
944 3779 1056 3824 manes
1077 3780 1084 3821 :
1105 3756 1138 3821 in
1161 3754 1225 3823 liae

165 3885 281 3958 parum
298 3861 394 3947 vidit,
409 3859 569 3953 valdeque
586 3862 647 3929 suit
661 3864 792 3957 pinguis
805 3887 843 3931 ac
859 3863 981 3931 tardus
998 3860 1100 3949 Quod
1114 3875 1225 3929 autem

163 3973 261 4039 etiarn
288 3993 401 4037 versus
426 3967 468 4036 ad
492 3968 557 4038 hoc
579 3968 785 4062 probandum
811 3968 975 4056 afferunt,
999 3970 1104 4061 iisque
1128 3966 1226 4036 valde
