2768 5198
437 363 501 431 ar
528 363 757 452 tunicii.
1046 391 1132 440 xus

76 522 141 568 suin
161 495 276 565 habeo.
306 495 436 587 siquis
457 492 540 562 alius
561 494 716 580 Probus,
736 495 816 563 mihi
838 495 993 590 ignotus,
1015 516 1131 574 auctor

78 605 165 672 uisse
182 602 311 670 dicatur
326 628 336 686 ;
350 624 486 688 vereor,
498 624 541 668 ne
555 624 725 694 nunquam
740 603 774 670 in
790 615 907 670 natura
926 628 1037 673 rerum
1057 607 1130 677 Iue-

77 711 136 795 rit,
152 708 209 776 sed
229 709 319 776 inani
341 708 540 802 cogitatione
559 705 719 775 duntaxat
739 707 887 801 depictus
906 711 947 778 sit
965 724 1064 805 atque
1078 714 1132 782 in·

77 814 238 883 formatus.
256 814 330 881 Jam
344 838 424 883 vero
443 814 617 884 Cornelias
633 817 753 908 Nepos
771 816 818 882 M.
835 813 932 882 Tullii
946 817 1134 909 Ciceronis,

77 934 107 988 et
122 923 156 988 T.
177 921 354 1014 Pomponii
374 920 493 1002 Attici,
515 921 578 987 Cn.
601 921 748 1013 Pompeii
775 921 909 1013 Magni,
928 936 961 990 et
990 925 1027 992 C.
1055 924 1132 994 Julii

81 1026 207 1095 Cereris
225 1025 469 1121 propemodum
492 1025 553 1093 fuit
577 1023 729 1119 aequalis,
751 1039 809 1094 aut
827 1041 915 1095 certe
936 1026 1036 1122 paulo
1054 1045 1134 1100 natu

80 1134 193 1219 ninom
211 1133 427 1226 pervenitque
448 1130 492 1200 ad
510 1132 649 1201 Caesaris
668 1133 829 1223 Augusti,
858 1131 926 1200 divi
952 1132 1030 1204 Julii
1057 1136 1133 1226 filii,

54 1277 58 1284 ·
82 1250 235 1333 tempora,
246 1253 285 1307 ut
299 1252 440 1306 testatur
454 1235 597 1323 Plinius,
610 1235 664 1305 lib.
680 1239 749 1321 IX,
763 1260 835 1330 cap.
856 1234 904 1331 39
914 1291 924 1324 ,
934 1238 983 1307 his
1000 1241 1108 1312 verbis
1123 1269 1131 1311 ι

86 1369 101 1404 ι
120 1345 225 1437 Nepos
244 1342 441 1429 Cornelius,
462 1344 518 1436 qui
539 1342 607 1411 divi
627 1344 766 1437 Augusti
785 1343 972 1436 principatu
994 1345 1083 1414 obiit.
1111 1379 1129 1414 »

84 1449 129 1516 Ne
141 1453 210 1543 quis
226 1464 338 1518 autem
355 1450 466 1517 statim
482 1447 577 1517 nobis
590 1462 764 1535 occurrat,
776 1461 874 1541 atque
889 1462 935 1515 ita
946 1449 1052 1536 dicat,
1064 1455 1134 1521 Cur

86 1554 171 1646 igion
186 1579 348 1648 nusquam
369 1579 446 1623 cum
472 1568 712 1623 commemorat
736 1555 783 1622 NI
803 1553 956 1622 Tullius?
980 1557 1134 1627 Comme·

86 1675 177 1730 morat
189 1686 268 1730 vero
283 1663 317 1729 in
333 1659 479 1754 epistolis
494 1659 536 1728 ad
550 1662 696 1729 Atticum
714 1659 857 1752 quodam
875 1659 967 1749 loco,
981 1676 1033 1749 et,
1044 1664 1135 1756 quod

88 1761 172 1858 longe
197 1767 328 1860 majoris
357 1765 513 1860 ponderis
544 1780 622 1850 est,
647 1765 748 1835 libros
778 1766 861 1835 duos
891 1767 1134 1861 epistolarum,

91 1869 392 1967 assumpturos
413 1871 550 1939 adeum
571 1872 717 1966 scripsit,
738 1887 775 1940 ut
796 1897 836 1940 ex
854 1874 1046 1958 Macrobic,
1073 1875 1130 1945 lib.

89 1974 302 2064 IISaturnal.,
330 2001 531 2071 cognoscere
552 1976 652 2063 licet,
679 1977 773 2069 cujus
801 1978 872 2045 haec
896 1979 998 2046 verba
1024 1995 1130 2073 sunt:

93 2082 211 2152 «Testis
229 2083 318 2151 idem
337 2085 474 2168 Cicero,
495 2085 552 2176 qui
573 2085 607 2150 in
625 2080 680 2150 lib.
707 2080 920 2175 epistolarum
942 2083 984 2152 ad
1005 2087 1131 2154 Corne·

86 2183 155 2282 lium!
168 2191 332 2283 Nepotem
354 2188 500 2258 secundo
521 2189 568 2257 sic
588 2189 633 2256 ait
647 2214 654 2255 :
670 2189 786 2281 Itaque
804 2189 923 2275 nostri,
939 2214 1041 2283 quum
1059 2217 1130 2261 om·

83 2295 140 2376 nia,
158 2319 229 2389 quae
250 2295 463 2381 dixissemus,
482 2294 572 2363 dicta
590 2309 716 2379 essent,
735 2319 807 2388 qua
827 2292 948 2382 facete,
967 2310 1000 2363 et
1016 2296 1131 2367 brevi-

83 2412 138 2485 ter,
151 2416 184 2470 et
197 2416 295 2470 acute
321 2399 421 2470 locuti
439 2424 654 2486 essemus,ea
673 2401 809 2494 proprio
823 2402 955 2468 nomine
973 2403 1131 2497 appellari

80 2503 156 2574 dicta
171 2507 359 2576 voluerunt.
383 2535 400 2570 a
422 2506 553 2576 Profert
571 2521 604 2574 et
621 2508 823 2592 Priscianus,
845 2504 899 2573 lib.
920 2508 1022 2594 VIII,
1048 2508 1130 2579 illud

77 2615 216 2707 exepist
238 2614 408 2682 Ciceronis
428 2613 468 2680 ad
487 2615 652 2706 Nepotem
674 2638 682 2678 :
707 2642 724 2676 a
740 2615 812 2680 Hoc
831 2613 995 2680 restiterat
1012 2617 1128 2703 etiam,

77 2732 108 2784 nt
120 2742 140 2785 a
152 2733 185 2787 te
198 2719 285 2787 fictis
298 2718 497 2812 aggrederer
508 2718 613 2786 donis.
625 2747 642 2782 t)
657 2717 876 2811 Aggrederer
888 2720 1015 2811 passive
1031 2718 1129 2809 dixit,

75 2823 172 2917 iuquit
191 2826 385 2893 Priscianus.
408 2827 451 2893 Et
476 2822 556 2891 illud
575 2823 720 2916 ejusdem
744 2823 785 2891 ad
811 2822 992 2892 eumdem:
1022 2853 1040 2888 a
1058 2827 1127 2912 Qui

74 2926 184 3016 habet,
197 2929 286 2998 ultro
305 2931 488 3023 appetitur3
502 2931 557 3020 qui
575 2943 625 2997 est
644 2953 786 3022 pauper,
801 2944 1032 3021 aspernatur.»
1051 2932 1127 2999 Fuit

74 3049 179 3102 autem
199 3035 279 3103 Padi
301 3033 430 3117 accola,
452 3047 490 3103 ut
511 3033 597 3102 idem
619 3032 700 3101 Plin.
720 3047 875 3117 testatur,
891 3032 946 3100 lib.
966 3035 1037 3118 111,
1053 3059 1124 3130 cap.

81 3140 135 3208 18.
158 3141 208 3207 Ex
226 3166 294 3234 quo
316 3134 480 3209 Ausonius
500 3163 575 3208 eum
597 3141 631 3206 in
657 3136 764 3206 Gallia
791 3139 869 3206 lacit
889 3162 959 3206 esse
987 3153 1126 3229 natum,

74 3243 209 3337 epistola
232 3247 274 3314 ad
303 3248 509 3340 Drepanium
536 3243 662 3330 filium,
688 3267 762 3337 quae
786 3258 835 3312 est
856 3244 972 3313 ordine
990 3248 1126 3337 XXIV,

73 3348 124 3419 his
141 3349 264 3440 verbis,
282 3377 356 3445 quae
373 3376 413 3420 eo
432 3351 586 3422 libentius
606 3348 807 3435 adscribam,
820 3350 909 3442 quod
927 3376 1041 3422 versus
1059 3377 1126 3422 non

72 3458 146 3525 satis
159 3472 237 3525 sunt
255 3457 440 3540 emendati,
453 3459 552 3526 etiam
569 3457 605 3523 in
620 3454 767 3523 editione
786 3455 1018 3550 Christcpliori
1036 3457 1128 3529 Plan·

75 3562 144 3648 tini,
163 3562 284 3655 alioqui
306 3563 503 3657 typographi
521 3560 704 3656 diligentis;
719 3586 823 3654 neque
843 3576 953 3630 tamen
980 3565 1127 3657 spondeo

75 3688 124 3734 nie
138 3669 196 3737 tibi
212 3668 317 3737 multo
333 3669 571 3739 emendatiores
592 3667 810 3736 traditurum:
830 3695 847 3730 ι(
862 3669 925 3737 Cui
940 3668 1029 3739 douo
1047 3670 1127 3766 lepi-

79 3768 151 3841 dum
172 3799 297 3843 novum
326 3774 492 3844 libellum?
513 3776 712 3844 Veronensis
738 3776 785 3842 ait
808 3787 906 3867 poeta
933 3775 1127 3868 quondam,

79 3875 276 3974 inventoque
292 3880 384 3949 dedit
397 3883 506 3951 statim
520 3882 651 3974 Nepoti.
675 3884 718 3949 At
733 3904 792 3948 nos
810 3878 996 3973 illepidum,
1015 3880 1130 3949 rudem

80 3974 234 4076 libellum,
251 3991 393 4077 Burras,
408 3986 614 4085 quisquilias,
635 3988 837 4086 ineptiasque
858 3985 1041 4059 Credemus
1056 4007 1132 4079 gre-

890 4115 925 4191 D
