2706 4770
150 343 224 416 338
317 340 544 412 JOlNMs
571 339 724 406 HENR.
753 336 1039 408 scflLEGEL

149 486 236 529 vemat.
263 476 347 544 Aptus
370 471 399 523 in
413 464 485 523 hunc
501 471 588 521 locum
606 468 810 521 commentarius
826 479 865 521 est
881 480 955 522 totus
968 468 1127 538 Herodotus,
1141 491 1180 525 su·

148 555 237 609 tentiis
251 553 350 623 quippe
365 550 530 603 oraculorum
545 548 671 620 repletus.
698 548 841 612 Monstrat,
860 549 972 602 Grecos
994 553 1182 605 omnesoroetlit

148 635 293 706 plurimum
305 632 441 695 tribuisse;
451 629 555 681 nullum
570 646 634 680 vero
647 628 717 680 inter
732 646 776 680 eos
790 628 922 699 populum
936 641 1011 682 tanta
1027 632 1182 703 superstitiose

148 715 180 766 sb
198 711 364 764 oraculorum
373 710 457 762 effatis
472 705 678 779 pependisse,sc
691 705 913 761 Lscedaemonios.
930 709 1104 764 Instituerunt
1116 730 1183 764 orna·

148 794 236 845 lorum
251 791 334 863 gratia
347 789 477 860 singulare
492 802 596 839 munus.
620 787 771 840 utebantur
784 788 882 840 scilicet
902 787 1013 842 duobus
1023 791 1129 862 pystus,
1138 809 1183 863 qus

147 871 265 940 Delphos
279 868 312 922 ad
325 866 484 940 exploranda
497 866 620 920 vaticinia
632 867 736 919 mittere
747 867 877 932 solebant3
893 880 962 921 teste
971 868 1117 933 Herodoto,
1127 871 1183 931 llll,

148 971 175 1023 p.
189 957 255 1013 400.
276 947 328 1002 sed
343 959 495 1018 corruptam
513 964 706 1017 nonnunquam
721 947 939 1018 fuissePytlriem,
958 946 1039 1002 docet
1049 947 1183 1003 idulio

148 1028 241 1093 dotus,
258 1029 348 1100 l.V,p.
365 1028 435 1092 364,
452 1039 479 1078 ct
494 1028 548 1092 vl,
560 1045 586 1097 p.
603 1032 656 1089 ios
674 1037 701 1078 et
713 1027 778 1089 408.

187 1109 235 1161 lx.
257 1108 351 1180 Agesil.
367 1108 450 1170 vm,
468 1106 493 1158 5.
515 1106 657 1174 Ignorantia
671 1104 784 1157 bonarum
804 1124 890 1158 rerum.
911 1102 988 1159 Inter
1000 1107 1107 1162 Grecos
1120 1126 1184 1180 aqut,

148 1207 178 1241 ac
194 1189 257 1241 alios
271 1188 318 1258 qui
332 1187 476 1256 elegantiam
487 1184 643 1238 affectabant
653 1184 783 1256 populos,
798 1186 973 1257 sapientiores
980 1188 1183 1258 eampotistinu

148 1269 177 1320 in
192 1267 234 1320 his
253 1267 331 1319 rebus
347 1276 505 1338 posueruut,
521 1281 579 1335 qun
600 1262 633 1316 ad
656 1264 773 1317 animum
792 1263 976 1335 effingendam
995 1268 1140 1338 pertinent,
1154 1263 1185 1320 stl

148 1348 269 1420 plerique
283 1344 355 1398 haud
374 1346 461 1397 minus
473 1345 501 1396 in
517 1344 582 1406 illis,
608 1360 666 1415 qun
686 1341 719 1395 ad
731 1345 892 1414 voluptutem
912 1344 1108 1419 luxuriamque.
1127 1348 1186 1400 tius

147 1426 212 1479 bant
222 1427 331 1478 vocibus
341 1426 472 1494 ἀβιλτιρὶα
480 1463 487 1489 ,
495 1424 654 1486 ἀναισθησία,
664 1422 785 1475 homines
795 1441 809 1474 a
821 1424 977 1494 cognitione
989 1438 1035 1478 aut
1046 1445 1121 1480 sem
1130 1428 1187 1480 hott·

148 1523 209 1558 rum
218 1523 308 1557 rerum
317 1505 430 1570 alienos,
446 1502 527 1574 idque
539 1503 676 1568 similiter,
688 1520 718 1555 ac
727 1514 845 1555 nostrum
856 1502 1022 1568 Gerehmack,
1041 1505 1125 1577 Sag,
1135 1503 1185 1559 odit

148 1602 221 1657 nque
236 1585 264 1637 in
280 1582 413 1655 cogitandi
425 1570 462 1636 'sc
478 1584 505 1634 in
523 1580 652 1634 sentiendi
671 1582 808 1635 rationem.
839 1581 900 1635 Pari
916 1584 1001 1637 modo
1018 1583 1185 1658 insequenda

148 1677 210 1717 sunt
220 1664 300 1715 verba
310 1681 369 1735 quir
381 1659 549 1734 precedunt:
561 1653 683 1714 Hominis
692 1673 739 1714 non
747 1662 876 1713 beatisimi
885 1664 1068 1734 suspicionem
1078 1666 1185 1738 pasees

147 1742 247 1796 Revera
262 1743 344 1794 beatus
364 1741 418 1794 dici
434 1753 550 1794 meretur
577 1741 613 1809 is,
639 1741 685 1813 qui
708 1759 811 1794 summo
837 1742 919 1794 enimi
935 1743 1034 1810 bono,
1054 1745 1188 1816 frugaliutt,

148 1822 255 1875 fruitur.
277 1819 329 1874 Sed
342 1821 479 1892 usurpavit
493 1821 572 1873 etiarn
599 1821 734 1874 iuvenalis
750 1836 855 1887 vocem,
877 1838 911 1874 ex
928 1840 1008 1877 more
1022 1826 1191 1889 Romnum,

148 1920 199 1973 pro
214 1899 311 1970 divite,
327 1919 373 1954 seu
388 1901 465 1953 bonis
481 1899 595 1952 externis
610 1898 742 1954 affluente.

190 1980 225 2034 X.
248 1981 349 2036 Catonis
363 1999 420 2053 cap.
435 1980 489 2046 ΙΙΙ,
501 1978 685 2033 describuntur
696 1981 752 2051 ejus
764 1980 889 2050 origines,
904 1999 953 2034 sen
963 1982 1083 2037 historin
1091 1984 1193 2037 Rom

149 2060 213 2114 libri
226 2074 334 2132 septem.
356 2062 468 2114 Librum
486 2061 560 2112 hunc
574 2060 676 2131 magnis
691 2061 793 2112 extollit
805 2058 931 2114 laudibus
945 2063 1059 2126 Cicero,
1079 2062 1123 2117 sed
1134 2061 1193 2115 dota

150 2140 245 2206 simul,
269 2143 324 2210 jam
341 2159 389 2193 suo
411 2153 531 2210 tempore
550 2138 655 2192 fastidio
676 2139 754 2192 luisse
772 2141 906 2193 Romanis.
934 2142 1116 2196 confirmatur
1132 2140 1195 2202 inde,

151 2217 225 2290 quod
243 2219 292 2271 suh
309 2220 415 2272 initium
430 2219 509 2290 hujus
525 2217 716 2272 dissertationis
726 2219 834 2285 monui,
849 2218 978 2275 eccidisse
990 2223 1114 2276 Romanis
1124 2220 1195 2284 iden,

150 2295 224 2368 quod
240 2296 311 2368 apud
327 2317 375 2349 uos
387 2298 445 2350 {ieri
453 2297 588 2362 videmus,
603 2311 633 2349 ut
645 2317 695 2370 pro
706 2297 887 2352 vicissitudine
901 2313 1057 2373 temporum
1068 2314 1094 2356 et
1102 2302 1194 2372 linga.

151 2376 216 2430 honi
231 2394 338 2447 quoque
350 2376 413 2428 libri
428 2377 608 2447 negligantur,
625 2377 802 2449 fastidiantur,
821 2378 920 2451 aliique
931 2380 962 2432 in
975 2400 1070 2434 eorum
1082 2376 1193 2434 lonnal

151 2468 256 2527 tempus
271 2453 427 2521 succedant,
447 2456 557 2507 minoris
571 2456 639 2509 sorte
648 2458 736 2528 pretii.
757 2459 829 2512 Utile
844 2469 883 2511 est
892 2457 1193 2516 contemsissem-25

152 2534 329 2606 descriptione
343 2535 478 2588 Ciceronis
491 2534 630 2605 judicium.
645 2537 720 2589 Brut.
737 2555 760 2591 c.
775 2556 808 2606 ¹7
824 2555 831 2589 :
850 2564 861 2584 ·
872 2539 935 2591 Jsrn
948 2558 1016 2594 vem
1030 2542 1135 2610 ffifiser
1148 2541 1192 2610 eju

156 2642 168 2664 ι
178 2634 257 2687 quem
270 2614 378 2680 florem,
389 2626 435 2667 aut
448 2612 520 2686 quod
531 2615 622 2667 lumen
636 2615 792 2688 eloquentie
802 2635 857 2671 non
869 2618 992 2672 hshent?
1001 2624 1131 2675 Amatores
1142 2618 1192 2672 δά

156 2693 286 2759 «desunt,
306 2695 374 2747 sicut
390 2694 480 2747 multis
493 2696 546 2765 jam
567 2707 628 2748 snte
651 2696 743 2749 seculis
757 2706 784 2749 et
802 2696 915 2751 Philisto
932 2698 1089 2770 Syracusio,
1113 2696 1189 2771 et'q!

155 2799 167 2823 ι
178 2771 341 2844 Thucydidi.
366 2773 435 2825 Nsm
452 2785 482 2826 ut
498 2774 597 2826 horum
615 2776 725 2828 concisis
744 2777 895 2842 sententiis,
916 2778 1137 2834 interdurnetin
1150 2794 1188 2831 stt

156 2880 167 2901 ι
177 2855 239 2907 satis
248 2852 359 2924 apertis,
370 2871 453 2924 quum
466 2853 607 2918 brevitate,
622 2866 679 2907 turn
689 2855 772 2908 nimio
783 2857 917 2921 acumine,
928 2859 1016 2913 officit
1023 2861 1189 2932 Theopoflptt

156 2933 290 2985 «elatione
303 2944 381 3003 atque
399 2930 539 2984 altitudine
556 2933 681 2986 orationis
695 2953 748 2988 suaa
749 2974 815 2989 .......
832 2936 888 2988 Cur
908 2938 994 3008 igitur
1006 2941 1097 3012 Lysias
1111 2951 1136 2992 et
1147 2936 1188 3006 lly-

155 3011 279 3082 «perides
292 3025 412 3074 amatur,
435 3030 517 3083 quum
535 3013 639 3082 penitus
657 3013 794 3084 ignoretur
808 3015 893 3068 Cato?
921 3019 1068 3091 Antiquior
1083 3031 1119 3073 est
1129 3019 1188 3086 ΗΡ

155 3109 276 3156 «sermo,
297 3104 323 3143 et
338 3089 459 3162 quaedsm
475 3090 624 3144 horridiora
638 3095 730 3160 verba3
755 3096 790 3146 its
805 3095 877 3155 enim
894 3107 953 3149 turn
975 3090 1188 3172 loquelssnnn.ll

155 3195 167 3217 ι
177 3184 250 3222 muta
270 3203 301 3212 -
318 3171 372 3240 jam
384 3171 518 3223 neminem
531 3185 672 3243 antepones
690 3173 786 3227 Catoni.
798 3200 809 3221 ι

191 3249 266 3301 Hunc
282 3249 418 3301 Ciceronis
431 3248 610 3303 defensionem
620 3252 765 3323 legentibus
775 3272 829 3307 nou
840 3242 1018 3325 eritmirunt,
1031 3258 1134 3313 Catonis
1141 3268 1187 3327 F*

151 3329 339 3382 stantissimum
354 3347 422 3399 opus
435 3328 592 3400 jamdudum
606 3330 721 3400 periisse.

1227 3454 1230 3525 l

1227 3530 1230 3597 l

189 3632 265 3686 Nihil
282 3635 366 3705 magis
384 3634 489 3706 expedit
505 3634 539 3687 ad
553 3649 672 3691 auctores
683 3652 784 3694 veteres
798 3660 860 3694 cum
874 3643 966 3697 fructu
979 3645 1069 3718 aliquo
1083 3641 1183 3699 hittoelff
1227 3630 1230 3711 l

151 3714 307 3784 cognitionis
323 3712 459 3784 legendos,
480 3733 557 3786 quam
571 3718 681 3771 alterum
697 3738 728 3772 ex
744 3721 826 3774 altero
839 3723 987 3794 explicare,
1007 3725 1131 3798 supplem
1142 3720 1182 3773 tte

150 3791 343 3847 commoduma
359 3806 596 3848 commentatorum
611 3798 724 3851 maxima
736 3814 811 3871 parte
826 3801 924 3856 frustra
940 3817 1112 3876 exspectatun.
1123 3796 1181 3856 Μ

149 3873 289 3937 intereos,
305 3874 350 3943 qui
362 3871 436 3924 cordi
449 3874 598 3929 habuerunt
608 3896 764 3948 promovere
776 3883 954 3952 cognitionem
969 3884 1087 3938 historin
1097 3879 1182 3940 reter's,

150 3954 294 4024 ellegerunt
306 3952 378 4007 locos
390 3953 550 4024 scriptorum
563 3955 596 4009 ad
611 3956 731 4013 eamdem
745 3978 803 4014 rem
814 3961 995 4033 perdnenm,
1006 3983 1073 4037 quos
1087 3963 1181 4019 mlv&

418 3483 460 3549 V.
487 3481 744 3554 Observanbnes
763 3486 942 3558 historica.
