2768 5198
571 777 810 846 arrrous.
837 732 839 736 ὗ
869 789 873 796 ·
1146 773 1218 847 265

160 892 402 991 subscribens⁵,
421 909 596 976 accusavit.
612 911 653 976 ln
667 893 740 1000 jus⁶
761 907 803 976 de
823 930 881 976 sua
905 931 941 974 re
961 931 1130 1002 nunquam
1152 910 1188 976 iit
1210 960 1220 994 ,

156 1012 319 1105 judicium
340 1010 466 1080 nullum
485 1013 609 1081 habuit.
629 1013 813 1083 Multorum
833 1012 1004 1081 consulum
1021 1027 1220 1107 praetorum-

159 1143 227 1212 que
243 1117 455 1212 praefecturas
477 1117 620 1188 delatas⁷
643 1122 689 1189 sic
707 1121 851 1214 accepit,
867 1134 904 1186 ut
920 1122 1084 1187 neminem
1102 1122 1135 1187 in
1150 1144 1222 1214 pro

159 1225 305 1292 vinciam
329 1225 370 1292 sit
393 1239 549 1306 secutus,
571 1225 697 1294 honore
725 1224 824 1294 fuerit
843 1238 1034 1312 contentus,
1053 1228 1100 1294 rei
1120 1225 1220 1294 sami-

160 1328 251 1398 liaris
260 1330 446 1448 despexerit
457 1330 613 1398 fructum.
631 1332 699 1419 Qui
714 1356 756 1399 ne
769 1355 845 1400 cum
861 1332 903 1418 Q.
916 1331 1048 1424 quidem
1059 1333 1221 1401 Cicerone

161 1434 324 1504 voluerit
317 1461 363 1504 rre
383 1439 417 1503 iu
432 1439 558 1519 Asiam,
580 1462 681 1530 quum
704 1437 792 1531 apud
813 1462 889 1507 eum
912 1436 1009 1531 legati
1029 1437 1137 1506 locum
1158 1437 1221 1507 ob·

162 1541 269 1610 tinere
276 1556 395 1635 posset
409 1545 487 1611 Non
501 1546 588 1610 enim
599 1542 717 1612 decere
729 1568 764 1611 se
776 1543 999 1611 arbitrabatur
1006 1568 1128 1637 ,quum
1144 1568 1223 1638 prae

163 1661 274 1716 turam
292 1673 406 1742 gerere
425 1647 598 1735 noluisset,
620 1635 798 1718 asseclam⁸
817 1674 886 1718 esse
906 1651 1065 1743 praetoris.
1089 1650 1222 1737 Quam

162 1777 201 1821 re
214 1778 282 1821 non
300 1753 405 1822 solum
419 1753 570 1848 dignitati
586 1756 764 1840 serviebat,
781 1755 837 1824 sed
855 1757 953 1823 etiam
978 1754 1223 1848 tranquillitati,

163 1884 267 1952 quum
287 1862 488 1954 suspiciones
511 1885 642 1954 quoque
656 1863 776 1930 vitaret
793 1860 997 1930 criminum⁹.
1014 1864 1093 1949 Quo
1105 1859 1224 1945 fiebat,

164 1979 203 2034 ut
226 1965 297 2058 ejus
323 1965 567 2035 observantia¹⁰
591 1968 743 2036 omnibus
765 1982 850 2035 esset
878 1969 1001 2050 carior,
1029 1991 1130 2060 quum
1151 1991 1223 2034 eam

163 2065 294 2159 officio,
306 2096 373 2140 non
389 2074 498 2141 timori
523 2097 630 2166 neque
642 2076 712 2167 spei
732 2073 831 2141 tribui
846 2073 1005 2141 viderent.

219 2179 298 2246 VII.
312 2177 432 2247 Incidit
448 2180 671 2248 Caesarianum
687 2177 782 2248 civile
802 2177 924 2247 bellum
936 2177 958 2264 ¹,
973 2203 1075 2272 quum
1089 2177 1226 2245 haberet

164 2308 271 2353 annos
289 2285 419 2352 circiter
433 2287 609 2378 sexaginta.
627 2287 715 2354 Usus
727 2299 777 2353 est
787 2287 890 2353 aetatis
905 2287 1075 2354 vacatione
1083 2282 1105 2370 ²,
1119 2308 1226 2376 neque

165 2415 201 2459 se
220 2414 387 2483 quoquam
403 2392 508 2458 movit
521 2415 561 2457 ex
576 2391 667 2458 urbe.
684 2393 769 2478 Quae
784 2393 897 2459 amicis
916 2393 982 2459 suis
995 2415 1080 2485 opus
1095 2388 1226 2457 fuerant

164 2495 209 2565 ad
231 2497 423 2589 Pompeium
445 2497 744 2589 proficiscentibus,
766 2499 877 2565 omnia
893 2521 933 2564 ex
947 2519 1007 2563 sua
1021 2521 1056 2564 re
1074 2494 1226 2564 familiari

165 2600 267 2670 dedit.
290 2604 403 2694 Ipsum
424 2604 617 2696 Pornppium
636 2587 872 2695 conjunctum³
887 2625 953 2670 non
973 2601 1131 2670 offendit:
1149 2600 1227 2670 nul-

166 2810 305 2884 publicum
323 2822 354 2861 ut
378 2823 504 2880 praestet;
519 2808 581 2863 inde
579 2828 676 2902 quum
721 2809 819 2864 deferri
839 2809 928 2863 solitas
948 2830 961 2863 a
978 2811 1129 2863 consulibus
1138 2826 1227 2881 ,prar-

167 2888 328 2961 respondet,
349 2887 478 2942 dicitur›
459 2908 533 2959 [Μ
563 2909 576 2943 a
579 2880 677 2942 0Μωι-
722 2892 840 2955 toribus,
850 2904 877 2943 et
891 2889 945 2943 ab
938 2903 1096 2962 imperatore
1110 2891 1139 2942 in
1153 2909 1226 2943 exer·

167 2988 236 3041 caps,
254 2969 440 3040 quiapopulo
456 2967 555 3039 aliquid
571 2967 678 3022 redimit
721 2971 848 3023 citu.-
870 2971 968 3022 Horon
994 2973 1074 3035 fuerit
1097 2982 1226 3021 eonte.nrus

168 3061 216 3103 atat
225 3046 382 3112 conducit;
376 3061 410 3101 tta
419 3060 506 3100 autem
513 3047 678 3119 dictusquod
723 3050 812 3101 Oblati
826 3049 925 3102 scilicet
938 3051 1064 3102 muneris.

169 3128 199 3183 in
214 3129 406 3181 licitationibus
427 3128 528 3181 sublata
551 3147 632 3182 manu
652 3148 679 3181 se
764 3129 790 3181 8.
814 3128 946 3180 Asseclam.
971 3129 1099 3198 Legatum
1121 3127 1227 3180 scilicet.

170 3207 315 3280 emptionis
328 3220 460 3260 auctorem
473 3226 527 3260 esse
540 3206 679 3281 profitere·
769 3227 797 3275 9.
824 3206 964 3259 Crt'rnirtum
992 3205 1153 3277 Cupiditatis
1176 3207 1227 3258 sci·

170 3284 304 3341 tnr.Vide
312 3288 415 3341 Esnest.
424 3288 532 3340 inclare
541 3286 596 3340 cie.
607 3287 680 3339 hisce
722 3287 800 3350 licet,
813 3287 969 3358 rapacitatis.
997 3287 1066 3339 Hinc
1087 3286 1229 3356 repetunda-

170 3367 292 3421 vocibus.
308 3367 480 3420 Publicorum
496 3380 582 3418 autem
599 3367 680 3419 secti·
723 3386 774 3418 runa
789 3371 824 3418 nei
846 3367 1012 3436 magistratus
1024 3363 1188 3419 dicebantur.

169 3446 270 3519 galium
279 3444 680 3517 redemptionem,quamsacie·
767 3445 1228 3501 ruobservamiecauuvimratio.

171 3527 238 3579 bant
251 3527 399 3596 publicani,
411 3540 527 3597 spectare
537 3527 625 3597 Nepos
640 3525 680 3577 vi·
763 3526 828 3579 Cae.
849 3525 912 3577 vn.
933 3543 956 3577 1.
977 3525 1141 3578 Coessrt‘anum
1162 3525 1230 3576 civile

170 3603 260 3658 detur.
284 3606 406 3671 Quorum
426 3619 513 3658 umen
532 3607 632 3659 socium
655 3618 681 3658 et
715 3605 818 3658 delium.
835 3606 938 3675 Dequo
950 3604 1054 3675 scripsit
1070 3604 1125 3674 ipse
1134 3604 1229 3658 Cesar.

175 3685 339 3756 vectigalium
346 3687 503 3757 participem
512 3686 627 3737 Atticum
639 3686 680 3737 fu·
767 3705 791 3737 a.
808 3685 904 3736 AEratt's
914 3681 1091 3737 nucatr'one.1d
1101 3695 1231 3741 sensera-

176 3766 224 3819 'nse
238 3766 376 3828 nonnulli,
386 3784 419 3818 ea
436 3766 571 3819 Ciceronis
582 3764 614 3817 ad
625 3767 680 3819 Att.
723 3765 863 3837 gemmus,
879 3763 962 3816 artatis
977 3764 1070 3815 habuit
1085 3763 1230 3817 excusatio-

176 3842 259 3917 Epist.
273 3846 303 3908 1,
320 3847 457 3914 19,etll,
474 3845 507 3897 15
519 3883 527 3907 ‚
541 3845 681 3916 colligunt,
724 3864 799 3909 nem,
809 3862 842 3896 ue
854 3863 881 3897 se
891 3844 1010 3914 partibus
1021 3844 1149 3896 misceret.
1162 3844 1232 3897 ·Lex

176 3922 290 3994 linoque
305 3924 436 3995 Nepotem
452 3923 658 3995 reprehendunt.
725 3924 967 3995 aquinquagesimo
977 3941 1047 3975 snno
1058 3923 1168 3975 militem
1177 3942 1232 3977 uon
1320 3947 1326 3963 ⁸

216 4006 243 4057 5.
258 4003 418 4057 subscribens.
427 4004 626 4074 subscriptione
634 4022 681 4057 sua
726 4005 811 4075 cogit,
823 4023 838 4056 a
849 4003 1009 4075 sexagesimo
1020 4015 1166 4057 senatorem
1175 4020 1231 4056 non

176 4083 283 4137 amin·
294 4083 486 4137 memnonem
496 4085 599 4153 juvans.
654 4122 670 4141 .-
725 4084 796 4138 citat.
810 4110 821 4131 ι
835 4080 1055 4137 Sensedellrev.
1068 4082 1118 4135 vit.
1126 4083 1233 4137 XX.—

211 4166 239 4219 6.
260 4163 292 4217 Is
302 4167 374 4233 jus...
385 4182 504 4235 quaam
515 4166 557 4224 tis,
568 4162 683 4232 indidere
725 4162 841 4225 Novitas
847 4162 981 4216 urdeNon
992 4163 1022 4215 in
1035 4174 1120 4215 eastra
1131 4161 1233 4233 prolec-

178 4241 683 4314 ndamhlsir.1dest,nequeiitiu
727 4254 838 4307 tuaest,
857 4260 886 4297 se
901 4254 989 4296 autem
1004 4241 1136 4295 continuit
1148 4239 1230 4293 domi.

175 4322 230 4392 jn,
240 4340 333 4393 ‚mque
346 4322 403 4393 ipse
417 4322 483 4375 alios
497 4322 609 4375 vocavit.
632 4374 636 4381 ,
768 4323 795 4377 3.
809 4322 967 4392 conjunctum
975 4317 1040 4386 (alii,
1048 4319 1096 4373 non
1102 4315 1232 4391 junctam).

216 4420 246 4472 7.
268 4402 378 4456 Maras.
401 4399 500 4468 Idest,
515 4401 683 4472 praefecturas
728 4401 892 4471 cognatione
912 4404 1043 4471 junmnm
1066 4399 1140 4454 Gens
1162 4398 1235 4453 euim
