2706 4770
421 349 487 416 nr
511 350 742 420 tuorem.

503 534 661 629 rosor,

216 721 284 768 nra.
313 718 405 767 xxrv
431 719 754 788 aursnsaaroaurr,
781 722 857 772 cnr.
891 702 946 773 18.

113 881 270 953 Emilium
283 883 431 952 Probum
443 907 514 953 aevo
526 885 756 955 Theodosiano
770 901 994 982 correptorem
1009 890 1109 958 Corn.

72 989 189 1083 Nepotis
215 989 337 1076 fuisse,
362 976 519 1085 peculiari
541 1015 560 1059 a
581 992 677 1061 nobis
695 995 890 1063 tractatione
915 1018 1021 1089 nuper
1038 997 1109 1064 vin·

69 1094 195 1165 domm
209 1111 268 1166 est
283 1099 336 1166 Et
349 1096 404 1165 lib
397 1120 600 1193 ..xxmap
622 1094 688 1168 15
703 1099 889 1169 Hisdiebus
906 1099 1109 1170 demonstra-

65 1202 174 1291 vimus,
188 1201 357 1270 AEmilium
373 1202 519 1273 Probum
535 1228 607 1273 aevo
621 1203 798 1273 Theodosii
813 1204 957 1274 Cornelii
973 1207 1111 1301 Nepotis

66 1303 180 1378 libros
170 1333 204 1376 ιιι
224 1310 404 1403 Epitomeu
425 1309 597 1404 redegisse

499 1515 671 1603 roan,

391 1695 460 1742 am.
489 1695 582 1759 xnu,
605 1694 680 1742 cir.
712 1695 770 1768 29.

104 1848 294 1937 Unica‚scd
308 1847 475 1944 eleganter
488 1863 521 1917 et
535 1849 667 1944 proprie
683 1850 821 1944 scripta,
832 1848 901 1918 vita
916 1872 995 1919 vera
1009 1852 1110 1920 Corn.

59 1957 191 2050 Nepotis
209 1955 253 2023 ad
271 1979 332 2024 nos
351 1956 462 2040 veuit,
480 1955 563 2024 adeo
584 1955 717 2050 quidem
739 1970 933 2048 utrumque,
955 1970 994 2024 ut
1014 1959 1113 2026 Attici

60 2061 152 2130 rebus
169 2065 325 2131 interesse
344 2061 439 2129 nobis
456 2060 647 2148 videamur,
665 2062 793 2155 qu'oties
814 2085 887 2130 eam
905 2059 1061 2155 legimus-3
1081 2077 1115 2129 et

59 2191 134 2236 saue
151 2170 220 2261 ejus
238 2169 484 2264 comparatione
499 2167 647 2259 judicare
670 2181 825 2262 poterant
847 2166 965 2235 eruditi
987 2168 1054 2235 viri·
1072 2166 1113 2235 de

56 2271 161 2343 alteris
179 2272 250 2342 illis.
268 2273 359 2343 Eod.
376 2297 455 2368 cap.
471 2272 534 2341 sub
539 2274 655 2362 finem
673 2299 684 2341 .·
702 2275 780 2343 Nou
796 2297 996 2368 magnopere
1011 2270 1113 2342 titulis

55 2382 201 2473 gavisum
215 2381 325 2474 ipsum
341 2381 503 2469 Atticum,
516 2403 556 2448 ex
570 2378 789 2475 descriptione
802 2381 951 2474 sequenti
968 2393 1113 2465 constat;

54 2509 151 2578 quam
165 2511 227 2580 ego
242 2501 311 2555 tam
324 2484 541 2570 loculentam,
556 2500 689 2580 tamque
707 2486 881 2556 candidam
895 2499 929 2554 et
941 2485 1112 2555 emendate

54 2592 210 2685 scriptam
240 2606 343 2687 puto,
365 2607 491 2661 utnon
512 2590 619 2661 solum
643 2591 765 2661 AEmilii
787 2592 886 2661 Probi
906 2593 1005 2678 vitae,
1031 2614 1115 2683 quas

53 2698 229 2790 Epitomen
242 2700 382 2793 Nepotis
396 2722 466 2767 esse
480 2697 557 2767 alibi
568 2697 847 2793 probabimus‚ad
859 2722 932 2766 eam
944 2696 1112 2778 sordeant,

54 2802 133 2887 sed,
144 2829 210 2873 uno
226 2803 299 2874 solo
316 2806 473 2873 Suetonio
488 2818 642 2899 excepto,
657 2802 738 2872 nihil
752 2817 823 2872 toto
838 2803 935 2873 Latio
948 2801 1113 2871 inveniam

52 2912 214 2999 metius,
233 2925 267 2979 et
283 2935 344 2980 suo
362 2909 506 3004 quodam
527 2911 623 3004 genio
641 2907 829 2979 absolutius.

499 3116 667 3196 IDEM,

403 3296 469 3341 tm.
498 3286 564 3360 ru,
592 3294 669 3342 cnr.
704 3275 759 3356 14.

107 3453 291 3542 Datamen,
312 3456 462 3524 omnium
490 3455 706 3524 barbarorum
737 3470 814 3549 post
839 3455 1055 3525 Hannibalem
1083 3473 1115 3527 et

53 3557 278 3629 Hamilcarem
301 3560 535 3645 fortissimum,
557 3562 619 3630 uisi
639 3560 723 3630 libro
741 3559 897 3655 peculiari
921 3560 1116 3632 celebrasset

50 3665 204 3734 AEmilius
222 3667 367 3754 Probus,
387 3667 542 3762 pleraque
561 3667 672 3736 omnia
693 3667 762 3761 ejus
782 3667 928 3736 facinora
949 3669 1115 3763 ignorare·

48 3795 135 3841 mus.
158 3774 258 3843 Initio
279 3773 349 3866 ejus
366 3775 442 3842 ritae
460 3772 549 3869 apud
568 3773 713 3842 Probum
734 3772 876 3868 legitur:
898 3777 954 3844 De
966 3800 1034 3870 quo
1052 3775 1117 3840 hoc

44 3880 157 3972 plum
169 3932 182 3965 ,
206 3894 269 3948 etc.
295 3882 454 3948 Ceterum
474 3893 508 3948 et
525 3880 560 3946 in
582 3879 644 3949 hac
663 3879 748 3948 etin
770 3878 841 3949 aliis
867 3881 1022 3951 omnibus
1043 3878 1118 3944 vitis

50 3983 121 4054 duo
137 3985 260 4056 diversi
281 3988 458 4080 scriptores
477 3986 618 4055 maxime
636 4000 813 4080 apparent,
832 3986 921 4081 quod
937 4010 1005 4053 non
1024 3995 1116 4075 pote·
1199 3975 1201 3979 ¹
