2706 4770
527 359 835 429 AGESILAUS.
1140 388 1211 459 ¹79

189 501 254 558 ratiis
267 492 306 560 sit
328 487 498 559 fortunam
522 490 678 577 Graeciae,
699 490 789 584 quod
818 505 886 559 tam
910 491 1004 561 multi
1030 516 1050 561 a
1077 518 1112 565 se
1135 499 1214 566 victi

188 594 245 664 vitio
254 595 512 664 adversariorum
528 595 764 665 concidissent:
775 620 917 690 namque
928 597 981 666 illa
994 598 1214 689 multitudine,

186 700 270 769 utana
280 699 830 796 mensessetGraeciae,supplicium
846 705 961 772 Persas
969 703 1048 773 dare
1057 709 1211 800 potuisse.

185 803 251 875 ldstn
268 831 370 902 quum
391 805 596 875 adversarios
615 808 703 874 intra
720 810 841 876 moenia
862 808 1091 902 compulisset,
1108 826 1161 900 et,
1177 829 1214 882 ut

184 909 352 982 temdum
382 926 607 1007 oppugnaret,
634 911 729 981 multi
758 912 996 1003 hortarentur;
1019 920 1151 1012 negavit
1182 919 1215 987 id

183 1039 229 1086 sue
247 1018 358 1088 virtuti
380 1019 560 1087 convenire
572 1016 599 1104 ²3
611 1039 647 1086 se
666 1020 752 1086 enim
779 1043 855 1086 eum
876 1045 962 1108 esse,
981 1021 1077 1108 dixit,
1098 1024 1154 1118 qui
1172 1025 1214 1093 ad

182 1121 300 1194 officium
327 1138 505 1218 peccantes
525 1122 632 1192 redire
653 1139 808 1217 cogeret,
832 1150 899 1194 non
922 1128 979 1220 qui
1001 1128 1099 1198 urbes
1120 1130 1213 1199 nobi-

181 1223 289 1299 l'usimss
309 1245 516 1324 expugnaret
537 1231 684 1299 Graeciae.
704 1232 816 1299 «Nam
836 1233 880 1316 si,
894 1232 1015 1326 inquit,
1033 1258 1089 1303 eos
1110 1238 1213 1303 extin-

179 1356 254 1425 guere
275 1333 498 1421 voluerimus,
516 1337 573 1429 qui
595 1335 768 1404 nobiscum
796 1335 953 1404 adversus
976 1337 1134 1409 barbaros
1150 1356 1212 1410 ste·

179 1451 281 1530 munt,
302 1441 495 1536 nosmetipsi
515 1465 578 1509 uos
599 1443 916 1536 expugnaverimus,
940 1440 1002 1511 illis
1023 1447 1214 1538 quiescenti

178 1532 248 1615 lus':
268 1572 336 1643 quo
356 1546 445 1617 facto
467 1548 538 1616 sine
557 1548 712 1640 negotio,
731 1572 832 1640 quum
855 1547 1041 1636 voluerint,
1062 1576 1122 1619 nos
1149 1577 1212 1646 op·

239 1668 302 1723 ent.
321 1682 340 1718 u

178 1671 263 1829 lulli.
274 1756 435 1828 Interim¹
455 1757 575 1827 accidit
591 1756 646 1826 illa
659 1756 827 1828 calamitas
845 1760 934 1854 apud
953 1763 1095 1830 Leuctra
1115 1766 1214 1833 Lace·

177 1857 342 1934 lamomis:
358 1888 425 1958 quo
450 1887 492 1932 ne
518 1863 805 1957 proficisceretur,
823 1891 925 1959 quum
947 1866 1147 1964 aplerisque.
1171 1871 1211 1941 ad

177 1969 337 2039 troandum
349 1983 574 2063 premeretur,
589 1984 626 2037 ut
646 1972 672 2038 si
690 1969 731 2038 de
749 1972 838 2038 exitu
854 1970 1038 2059 divinaret,
1052 1977 1140 2043 exire
1152 2002 1211 2045 no-

177 2069 223 2143 luit
237 2075 348 2165 Idem,
361 2096 464 2170 quum
484 2074 731 2170 Epaminondas
750 2077 903 2170 Spartam
923 2095 1150 2172 oppugnaret,
1163 2107 1211 2150 es·

174 2277 661 2353 npebimtiglorietione.-Vitioad·
703 2290 744 2330 ter
760 2297 787 2330 se
816 2276 1046 2333 imminuerentur.
1074 2281 1210 2353 Ejusmodi

176 2362 313 2413 mm.
322 2358 469 2412 Pertinacia
478 2357 587 2428 etculpr
593 2370 660 2410 oete·
703 2369 759 2408 arte
774 2355 881 2411 Grrscos
894 2358 964 2411 iuter
981 2377 1009 2411 se
1024 2360 1119 2413 collisit
1134 2365 1210 2417 Arta·

174 2433 659 2508 mmerammquitoduudver-
702 2454 812 2502 xerxes,
830 2438 870 2489 uti
896 2456 977 2509 regno
999 2457 1047 2491 suo
1069 2441 1154 2494 otium
1176 2444 1209 2496 ab

174 2528 203 2567 Ι
217 2515 428 2572 Lsoedaetuonios
449 2516 590 2569 iniverunt.
617 2546 658 2557 -
701 2515 765 2586 ipsis
788 2516 967 2569 constitueret.
990 2548 1031 2560 -
1054 2519 1112 2571 Siue
1136 2541 1211 2591 nego·

174 2590 260 2669 linque
269 2599 313 2650 illu
321 2595 658 2657 mititudiue,siunamens
702 2599 744 2647 tto.
780 2595 884 2648 Scilicet
911 2596 968 2650 sine
997 2595 1109 2662 luhore,
1136 2600 1209 2652 facil·

173 2676 329 2737 mom,
338 2688 387 2729 etc.
393 2673 425 2728 ld
431 2687 658 2744 est,nsmqueper
700 2672 778 2737 lime,
788 2675 887 2745 quippe
896 2675 967 2726 bello
981 2675 1052 2726 civili
1064 2676 1168 2730 fractos.

172 2746 221 2807 lane
231 2753 429 2809 multitudinem
438 2755 475 2820 ,si
487 2753 574 2806 Greci
586 2771 658 2824 sape·
739 2753 804 2806 Cir.
819 2753 869 2806 vt.
887 2771 910 2806 r.
923 2754 1029 2806 Interim.
1044 2752 1211 2811 Adverhium

172 2821 321 2900 murm
333 2832 464 2905 supplicio
477 2832 657 2902 ufficipotuis·
700 2836 805 2890 iuterim.
822 2845 852 2885 ut
871 2834 967 2902 passim
987 2835 1115 2904 temporis
1127 2854 1206 2890 voce·

170 2922 220 2975 'tre
239 2913 365 2986 Xoopli.
382 2912 478 2984 Agesil.
494 2912 562 2976 Vll,
580 2912 605 2964 5.
628 2910 657 2963 Si
699 2911 777 2975 bula,
789 2912 866 2963 latius
888 2910 975 2963 valere
993 2923 1064 2964 recte
1088 2914 1206 2968 ursimad-

169 3005 213 3042 ιιι
230 3012 295 3046 ms
316 3004 384 3045 esset.
405 2991 580 3045 Proverbialis
601 2991 656 3043 iere
698 2987 923 3043 vertitSchmied.
948 2992 1009 3042 Duo
1024 2992 1142 3046 enimet
1166 2995 1205 3046 vi·

168 3064 261 3140 laurio,
270 3071 463 3144 significaturi
474 3070 560 3124 Greci
569 3071 656 3123 eonsi-
698 3070 765 3140 giuti
774 3069 850 3121 annis
858 3081 918 3140 post
926 3069 1026 3121 bellum
1036 3070 1206 3127 Corinthium

167 3142 240 3206 iinon
252 3153 366 3206 fuissent
375 3163 501 3224 expertes.
514 3149 584 3203 Meus
595 3168 655 3200 suna
698 3161 837 3201 consecuta
846 3162 979 3220 estpugns
987 3148 1132 3204 Iaeuctrica.
1142 3151 1205 3206 vid.

165 3227 214 3285 ⁸er
226 3250 303 3285 nens
316 3233 388 3286 huus
406 3243 533 3296 vocatur,
546 3229 590 3281 eui
606 3248 654 3300 op·
699 3229 773 3281 Cors.
785 3229 813 3280 in
824 3227 894 3281 Fert.
905 3230 959 3280 Att.
971 3239 990 3280 t.
1001 3228 1051 3281 tv,
1059 3260 1100 3271 -
1108 3232 1163 3301 Quo
1175 3252 1205 3285 ue

164 3312 257 3377 puicu
271 3331 337 3364 nm
354 3310 433 3373 ula,
445 3322 473 3363 et
491 3310 565 3369 loeoa,
582 3309 654 3361 utin
694 3305 890 3377 proficiscentur.
909 3308 979 3379 Lege
990 3306 1203 3378 proficiscerentur.

163 3386 224 3464 l'ug.
239 3390 332 3462 raetog.
346 3390 377 3456 1,
387 3394 437 3444 ro:
447 3415 459 3437 ι
469 3389 498 3441 si
512 3406 586 3441 tuens
599 3406 654 3440 non
697 3386 793 3440 Sensus
808 3400 952 3457 estzquem
971 3386 1102 3442 inlocum
1115 3410 1150 3445 ne
1165 3393 1204 3445 illi

158 3463 323 3524 buhhan.
342 3495 354 3517 ι
697 3466 1131 3538 pergerent,ipse,quasieventnm
1138 3490 1203 3542 pro·

190 3547 652 3619 ².Ne50vitidruoeoirtrsticonveuire.
696 3542 1204 3617 sentiretpluribusedproliciscendum

156 3626 219 3682 ude
236 3627 364 3700 Xenoph.
384 3627 415 3679 in
429 3624 524 3697 Agesil.
536 3625 604 3689 Vll,
621 3631 654 3690 6,
697 3625 773 3679 illum
783 3620 1092 3696 urgentibui,prolicisci
1103 3648 1202 3683 recusa·

151 3709 191 3779 qui
203 3725 262 3761 reru
275 3706 355 3781 paulo
365 3706 441 3759 aliter
450 3706 654 3758 umet-Eum
696 3705 744 3759 vit.
752 3736 786 3748 -
796 3705 866 3765 Ursi,
875 3708 1155 3779 proquasr'usurpstur.
1163 3709 1204 3761 lte

148 3786 243 3841 eald
253 3800 308 3853 est,
320 3787 399 3839 ulem
408 3825 417 3853 ,
426 3781 557 3857 ejusmodi
569 3784 654 3839 homi·
696 3782 918 3849 inDione,IX;et
927 3786 1205 3867 Datame‚XI.Mole3·

146 3884 222 3932 nen,
241 3867 289 3920 uti
309 3866 399 3919 mimo
415 3863 567 3937 proditum.
696 3873 725 3916 te
739 3874 828 3915 autern
842 3883 873 3917 ea
887 3877 929 3916 ter
941 3877 1104 3931 occurrunt,
1118 3884 1205 3916 exeun·

184 3949 212 4002 ³.
226 3936 282 4001 Itte's
296 3945 473 4018 quiescentibus.
482 3943 544 3996 Non
556 3961 584 3996 se
596 3961 653 3994 mo·
696 3942 769 4003 dam,
785 3945 851 3994 exitu
858 3981 867 4004 ,
884 3947 956 3995 exire.
978 3940 1057 3995 Unde
1072 3942 1208 3996 Ricleflius

142 4027 281 4094 rentibus,
296 4022 384 4080 donec
397 4035 484 4097 partes
501 4023 597 4077 cotta·
611 4023 653 4089 in·
697 4022 786 4075 omnia
800 4020 858 4075 buc
872 4033 997 4093 corrupta
1011 4023 1071 4090 jure
1086 4034 1169 4093 putat.

983 4126 1025 4170 12
