2706 4770
534 347 597 413 ΕΤ
623 348 641 414 J
649 346 850 414 UDICIA.
869 430 873 436 .
1164 372 1229 435 nur

185 478 280 547 dubito
297 477 368 546 fore
386 472 579 570 plerosque,
597 479 726 566 Attice,
743 492 817 565 etc,
831 507 849 542 »
871 490 905 545 et
924 499 965 546 ex
982 477 1049 544 vita
1071 478 1226 570 Catonis,

183 583 241 653 illa:
255 613 273 648 ι
283 583 389 677 Hujus
405 580 447 651 de
461 584 530 650 vita
545 597 578 651 et
591 584 740 653 moribus
754 582 848 679 plura
863 585 897 652 in
908 609 948 652 eo
961 580 1046 669 libro
1061 589 1225 678 persecuti

183 715 291 778 sumus,
309 713 411 784 quem
434 691 610 783 separatim
632 689 674 759 de
692 715 732 759 eo
755 689 906 776 fecimus,
928 705 1047 784 rogatu
1066 693 1104 759 Τ.
1123 695 1225 762 Pom·

186 798 259 890 ponii
275 797 398 882 Attici,
418 809 500 883 etc,
516 825 534 860 a
558 796 651 888 cujus
673 795 804 890 quidem
829 794 903 864 libri
924 795 1165 891 fragmentum,
1187 823 1227 868 ex

184 899 317 971 Cornelio
338 903 495 995 Nepote,
517 898 650 970 laudare
672 902 803 970 videtur
823 901 966 990 Gellius,
984 899 1038 970 lib.
1061 904 1130 989 XI,
1152 929 1223 1001 cap.

180 1006 205 1077 8.
220 1009 379 1076 Praeterea
402 1006 506 1076 libros
522 1007 566 1076 de
584 1011 675 1076 Vzru
698 1006 900 1097 illustribus,
924 1024 1075 1077 veterum
1094 1011 1224 1105 scriptis

174 1111 324 1198 celebres,
345 1115 404 1207 qui
424 1115 547 1208 Nepoti
572 1113 780 1210 tribuuntur,
805 1114 846 1181 ab
874 1114 972 1207 hujus
994 1111 1069 1181 libri
1089 1130 1224 1187 auctore

172 1219 329 1290 confectos
345 1243 432 1305 esse,
446 1220 523 1287 satis
537 1233 674 1313 apparet
687 1244 727 1288 ex
739 1219 805 1287 fine
818 1218 1010 1288 Hannibalis
1022 1220 1115 1288 vitae:
1131 1251 1148 1285 α
1160 1221 1225 1292 Sed

172 1349 222 1394 uos
237 1341 371 1420 tempus
390 1338 458 1412 est,
469 1324 567 1418 hujus
590 1323 664 1393 libri
684 1326 793 1394 facere
815 1324 932 1411 finem,
949 1338 983 1392 et
997 1327 1224 1398 Romanorum

171 1430 325 1526 explicare
350 1433 587 1525 imperatores,
605 1455 671 1525 quo
691 1430 837 1518 facilius,
858 1426 984 1499 collatis
1008 1445 1223 1527 utrorumque

170 1535 274 1624 heis,
295 1539 353 1632 qui
378 1539 441 1605 viri
461 1535 655 1631 praeferendi
682 1538 767 1623 sint,
786 1538 889 1630 possit
905 1536 1090 1630 judicaria
1120 1539 1225 1616 Tanta

170 1645 256 1711 etum
270 1645 417 1712 suavitas
428 1657 478 1711 est
493 1643 655 1711 sermonis
670 1644 794 1730 Latini,
807 1656 846 1711 ut
859 1656 1030 1737 appareat,
1043 1643 1077 1710 in
1091 1666 1131 1711 eo
1141 1646 1223 1714 nati·

171 1773 238 1817 tum
255 1748 432 1843 quemdam
455 1747 600 1844 leporem
622 1772 712 1835 esse,
732 1772 799 1817 non
817 1748 995 1832 adscitum,
1016 1748 1130 1841 etjam
1152 1775 1223 1820 aevo

170 1854 333 1924 lheodosii
354 1854 513 1940 desitum,
528 1880 595 1949 quo
609 1879 677 1922 non
691 1878 809 1948 parum
825 1854 980 1924 inclinata
997 1867 1068 1922 erat
1085 1857 1225 1928 Latiaris

170 1958 352 2053 eloquentia.
379 1962 555 2030 AEmr'ltum
572 1975 681 2029 autem
700 1960 868 2048 Probum,
894 1961 987 2053 cujus
1008 1962 1142 2029 nomine
1157 1965 1222 2031 cir·

174 2067 342 2136 cunsertur
361 2066 417 2135 hic
437 2064 539 2154 liber,
561 2065 747 2135 Theodosio
769 2079 928 2161 regnante
949 2065 1084 2152 vixisse,
1102 2080 1136 2134 et
1156 2067 1223 2135 hu·

167 2171 248 2262 jusoe
264 2172 340 2241 libri
357 2174 593 2268 exscriptorem
613 2174 723 2266 potius
737 2197 825 2258 esse,
843 2196 942 2266 quarn
961 2186 1151 2259 auctorem,
1163 2196 1221 2266 pa-

169 2291 262 2347 teter
281 2279 334 2347 his
350 2278 501 2348 versibus
522 2304 530 2344 ε
554 2277 655 2348 Vade
675 2278 778 2365 leber,
794 2292 860 2353 ‚etc
884 2271 939 2373 (p·
959 2271 1038 2367 xx)
1060 2279 1123 2345 Hic
1140 2302 1220 2374 ergo

166 2407 220 2451 suo
234 2387 361 2454 auctori
379 2384 554 2472 reddatur,
570 2408 668 2478 quem
684 2385 744 2452 sibi
762 2386 864 2452 Com.
886 2385 999 2476 Nepos
1014 2384 1104 2476 justo
1124 2384 1221 2454 titulo

166 2490 315 2578 rindicat,
324 2515 488 2586 quemque
503 2514 615 2560 coaevo
632 2514 692 2559 suo
703 2504 737 2558 et
750 2489 900 2559 familiari
913 2491 1096 2586 Pomponio
1109 2492 1220 2560 Attico

163 2593 265 2685 dedit,
286 2598 382 2690 cujus
409 2598 507 2665 etiam
534 2611 653 2690 rogatu
677 2598 778 2664 vitam
802 2597 849 2664 Μ.
880 2597 1015 2664 Catonis
1043 2598 1219 2690 separatim

162 2704 303 2796 scripsit,
315 2717 349 2772 et
359 2701 403 2771 illi
416 2717 597 2796 superstes,
609 2701 881 2796 elegantissimam
893 2701 1039 2794 ejusdem
1053 2702 1128 2768 vitae
1141 2726 1219 2769 con-

161 2809 363 2879 suetudinem
374 2807 536 2903 elegantia
543 2809 615 2903 pari
626 2823 821 2903 prosecutus
833 2821 891 2875 est.
899 2808 1023 2877 Praeter
1036 2806 1215 2895 Chronica,

156 2913 258 2984 libros
278 2916 541 3010 Exemplorum,
560 2913 604 2982 de
620 2917 713 2983 Viris
730 2912 933 3000 illustribus,
948 2927 982 2981 et
998 2912 1042 2981 de
1054 2917 1130 2984 vita
1147 2915 1216 2984 Ca-

157 3026 264 3109 tom's,
280 3019 402 3089 librum
419 3045 454 3089 se
471 3020 515 3090 de
531 3021 698 3089 lautorr‘clr
719 3024 850 3088 Groecir
867 3018 1099 3110 conscripsisse
1115 3031 1216 3087 testa-

159 3139 214 3194 tur
231 3128 404 3197 inDione:
422 3155 438 3190 a
454 3125 519 3194 Sed
531 3124 572 3194 de
590 3125 654 3194 hoc
666 3127 700 3193 in
712 3149 752 3192 eo
767 3149 842 3193 meo
859 3120 943 3191 libro
957 3121 1052 3217 plura
1069 3137 1145 3191 sunt
1161 3149 1216 3193 ex-

156 3232 281 3325 posita,
304 3235 361 3327 qui
385 3232 427 3301 de
448 3232 612 3300 historicis
640 3232 764 3301 Graecis
786 3230 993 3323 conscriptus
1017 3242 1074 3297 est.
1098 3259 1116 3293 »
1141 3220 1215 3316 (Sic

155 3339 242 3407 euim
259 3363 300 3407 ex
326 3341 421 3408 Mss.
444 3337 532 3407 bona
554 3336 619 3406 fide
641 3328 814 3432 supplevi)
834 3350 932 3430 atque
954 3333 1092 3404 alterurn
1115 3336 1219 3406 edidit

151 3443 196 3513 de
216 3447 351 3514 Lauare
370 3445 564 3530 lrt'storictssr,
594 3467 635 3512 ex
660 3467 725 3535 quo
747 3455 902 3537 excerpta
932 3465 1001 3510 esse
1020 3440 1217 3534 fragmenta

149 3550 332 3638 Corneliae,
354 3551 584 3620 Gracchorum
610 3550 744 3636 matris,
766 3547 889 3618 Gifanii
917 3547 1029 3615 codice
1042 3546 1213 3639 probatur.

151 3657 253 3744 Quod
272 3656 314 3724 ad
328 3658 461 3725 Daretis
477 3656 610 3750 Phrygii
628 3655 817 3741 historiam,
830 3676 928 3747 quam
941 3676 960 3720 a
975 3654 1075 3721 Corn.
1085 3654 1215 3750 Nepote

151 3764 269 3832 Latine
277 3760 705 3848 redditam,Volaterranus
716 3775 749 3829 et
760 3758 813 3828 alii
824 3757 1215 3853 tradiderunt,elegantia

145 3867 223 3961 styli
236 3872 347 3963 potius
365 3868 471 3957 ducti,
484 3892 584 3962 quam
599 3881 688 3936 certa
702 3870 844 3954 ratione,
856 3866 966 3960 dispar
984 3863 1086 3959 stylus
1104 3878 1169 3951 est,
1182 3878 1216 3932 et

143 3973 310 4046 dissimilis
332 3976 471 4068 genius,
491 3988 541 4064 et,
567 3975 594 4044 si
613 3973 691 4068 quid
708 3974 741 4043 in
759 3999 812 4043 me
827 3972 959 4067 judicii,
980 3973 1079 4040 Corn.
1102 3970 1217 4065 Nepos

981 4086 1032 4168 D⁸
