2706 4770
143 360 201 408 uv
502 340 839 409 TESTIMONIA

140 493 197 566 illo
212 497 410 589 interprete,
422 510 460 564 ut
477 499 593 584 annis,
615 498 661 567 sic
677 499 785 566 nitore
802 498 980 587 sermonis,
995 498 1093 594 longe
1108 524 1207 598 supe·

140 604 224 687 rior,
234 602 340 694 quod,
354 599 481 671 collatis
492 605 662 699 utriusque
675 605 819 699 scriptis,
830 600 923 674 facile
934 616 1043 700 potest
1052 606 1206 700 judicari.

140 707 193 775 De
219 708 284 778 boc
310 722 446 777 auctore
464 711 511 778 ita
537 710 748 791 mihivisum
772 725 843 799 est,
861 709 952 782 salvo
972 725 1054 800 tuo,
1074 714 1207 785 erudite

143 810 265 903 lector,
278 814 412 909 judicio.

429 959 588 1026 auus.
621 950 915 1044 scuorrus,

159 1154 197 1201 ΙΝ
218 1155 271 1200 BP·
293 1155 342 1200 An
365 1153 460 1201 LECT·
482 1154 586 1201 uotis
608 1154 646 1200 tu
666 1152 803 1201 FRAGM·
826 1132 983 1202 Nurum
1003 1152 1185 1206 summ.

193 1328 294 1420 Quod
308 1331 497 1401 auctoribus
511 1354 578 1399 non
592 1332 705 1425 paucis
717 1330 871 1399 accidisse
885 1332 1034 1419 memini,
1043 1346 1082 1401 ut
1096 1334 1203 1406 multa

1 1408 27 1467 Ξ·
77 1468 99 1485 ··-
139 1438 260 1532 ingenii
272 1436 562 1523 monumenta,vel
574 1438 652 1530 ipsis
663 1434 770 1504 abluta
781 1435 875 1504 alteri
888 1435 971 1506 falso
986 1439 1205 1509 attribueren-

61 1624 66 1629 ,
138 1556 217 1631 tur,
235 1543 288 1613 vel
318 1541 424 1611 aliena
451 1545 530 1636 ipsis
552 1541 809 1635 subjicerentur,
834 1544 955 1636 quoin
977 1541 1096 1638 vulgus
1113 1544 1205 1616 tituli

139 1646 304 1718 lenocinio
323 1651 427 1742 magis
441 1648 677 1742 probarentur,
692 1662 725 1716 et
736 1662 892 1742 tanquam
906 1673 924 1717 a
939 1649 1100 1720 matribus
1117 1676 1203 1748 sup·

66 1748 80 1783 ⁵
138 1756 237 1849 positi
269 1752 326 1821 lilii
346 1780 408 1848 pro
424 1755 512 1822 veris
530 1755 805 1842 obtruderentur,
830 1755 917 1824 idem
936 1758 1069 1851 Nepoti
1085 1772 1205 1829 nostro

139 1884 202 1931 usu
233 1860 381 1947 venisse,
402 1859 511 1928 didici.
538 1860 677 1929 Librum
706 1861 794 1928 enim
815 1861 859 1929 de
885 1865 970 1930 Vita
990 1878 1026 1930 et
1046 1863 1206 1935 Moribus

63 2032 68 2040 .
139 1968 374 2036 excellentiam
406 1970 552 2036 Gr'aecr‘ce
581 1970 821 2060 imperatorum
848 1966 890 2033 ad
914 1969 950 2034 T.
982 1969 1205 2064 Pomponium

140 2074 287 2143 Atticum
301 2074 460 2168 sequioris
471 2074 574 2142 aetatis
588 2073 714 2142 auctori
728 2070 860 2142 AEmilio
875 2074 985 2143 Probo
995 2075 1182 2144 attribuunt
1196 2102 1205 2145 :

139 2203 243 2273 aquo
261 2177 385 2272 stylus,
403 2179 597 2273 dicendique
623 2179 754 2274 elegans
773 2179 964 2267 character,
983 2181 1081 2249 Attici
1100 2193 1205 2269 aettts,

139 2284 308 2380 multaque
325 2284 524 2378 abjudicant.
542 2286 744 2380 Scriptorem
762 2300 879 2354 contra
896 2285 940 2354 de
956 2291 1048 2356 Viris
1064 2288 1204 2356 ilbutn‘·

141 2391 204 2461 bus
221 2391 314 2459 urbis
331 2395 468 2473 uomae,
485 2393 541 2484 qui
561 2416 580 2459 a
599 2395 705 2460 Proca
726 2391 769 2460 ad
789 2394 851 2461 Cn.
866 2394 1060 2488 Pompeium
1079 2408 1207 2488 usque,

17 2576 20 2581 ,
139 2498 422 2593 septingentorum
438 2521 602 2566 annorum
621 2500 833 2585 memoriam,
851 2522 973 2592 resque
986 2513 1093 2593 gestas
1108 2501 1205 2569 viro-

139 2628 215 2675 rum
232 2602 322 2673 domi
337 2602 523 2698 militiaque
541 2603 716 2672 illustrium
734 2605 878 2673 breviter
895 2604 1077 2699 colligavit,
1099 2604 1207 2675 Plinio

141 2713 261 2780 minori
282 2703 364 2798 (cui
381 2708 484 2779 Aldus
504 2710 674 2779 Manutius
693 2705 935 2805 adscripscrat)
952 2708 1114 2799 ablatum,
1132 2714 1207 2782 Ne-

140 2821 211 2912 poti
239 2814 394 2887 Cornelio
423 2814 603 2885 multorum
634 2817 782 2911 ingratiis
810 2817 1072 2912 inscripserunt,
1100 2830 1135 2886 et
1164 2842 1207 2887 ex

141 2925 274 2995 Caecilia
295 2937 393 3020 gente
411 2925 444 2991 in
466 2921 673 3010 Corneliam,
692 2924 826 2992 obtorto
848 2921 954 3011 collo,
973 2921 1049 2992 Itali
1068 2923 1206 3017 quidam
1244 2978 1248 2985 .

141 3056 314 3119 censores,
333 3029 530 3100 Hermolaus
550 3030 729 3116 barbarus,
747 3030 848 3098 Janus
868 3029 1077 3116 Parrhasius,
1092 3029 1206 3099 Catel-

140 3133 247 3207 lianus
264 3140 384 3225 Cotta,
402 3151 435 3205 et
454 3138 650 3207 Dominicus
672 3134 896 3222 Machaneus,
910 3134 1026 3229 aliique
1048 3133 1206 3205 traduxe-

142 3257 230 3311 runt.
264 3243 328 3312 Sed
361 3244 509 3312 neutrius
541 3243 621 3312 mihi
647 3242 778 3329 videri,
805 3241 983 3310 admodum
1011 3239 1207 3312 adolescens

140 3346 239 3415 docui
252 3345 409 3443 singulari
423 3372 541 3417 comm.
557 3350 592 3416 in
605 3372 682 3416 eum
695 3362 881 3433 auctorem,
894 3348 1001 3416 Duaci
1016 3361 1050 3416 et
1062 3349 1207 3417 Lutetiae

142 3452 230 3523 edito
240 3480 250 3542 ;
259 3467 293 3522 et
305 3478 344 3522 ex
359 3468 507 3522 veterum
522 3452 594 3522 libr.
609 3452 674 3522 lide
687 3453 918 3546 rationumque
932 3455 1109 3522 momentis
1120 3456 1205 3523 Sex.

142 3561 283 3630 Aurem
313 3564 446 3630 Victori
460 3561 536 3653 jure
563 3558 752 3654 postliminii
781 3558 1012 3628 reddidimus:
1043 3559 1139 3652 cujus
1170 3573 1207 3628 et

142 3666 313 3736 historiam
330 3668 510 3760 Augustam
526 3680 601 3734 ante
614 3688 667 3732 me
682 3680 795 3733 natum
811 3689 992 3759 nusquam,
1005 3664 1096 3759 quod
1111 3667 1204 3760 equi-

142 3772 218 3842 dem
240 3773 359 3858 sciam,
380 3773 466 3865 typis
488 3769 676 3865 vulgatam,
697 3773 886 3865 Antverpiae
911 3773 1008 3865 primi
1028 3770 1202 3840 edidimus.

142 3880 271 3968 Quare,
285 3891 322 3945 nt
344 3875 400 3945 illa
412 3875 543 3945 AEmilio
563 3876 728 3971 adscripta
748 3879 888 3971 Nepotis
906 3902 975 3946 esse
992 3881 1103 3972 γνήσια
1119 3902 1202 3971 pro-

143 3987 274 4074 nuntio,
287 3986 333 4054 ita
348 3984 448 4053 Viros
463 3981 603 4052 illustres
618 3982 723 4054 eidem
738 3983 901 4078 abjudico.
918 3984 983 4054 Sed
997 3996 1075 4053 sunt
1090 3998 1125 4051 et
1138 3982 1204 4052 alia
