2706 4770
614 115 767 184 DION.
870 160 874 167 ·
1147 145 1218 219 ¹⁰9

146 243 223 317 Sed
234 244 342 332 Dion,
358 244 460 313 fretus
471 268 539 313 non
555 259 624 314 tarn
633 247 701 314 suis
719 247 842 340 copiis,
859 270 957 340 quam
975 238 1068 317 odio⁴
1079 257 1220 343 tyranni,

146 353 307 431 maximo
324 353 461 434 animo,
481 349 610 420 duabus
630 354 788 421 onerariis
809 352 967 442 navibus,
985 357 1220 452 quinquaginta

143 482 324 527 annorum
336 458 529 550 imperium,
550 459 714 526 munitum
735 459 920 552 quingentis
942 458 1046 554 longis
1063 463 1219 548 navibus,

144 563 275 632 decem
290 564 460 657 equitum,
479 577 612 631 centum
628 563 775 659 peditum
792 562 953 651 millibus,
974 567 1141 658 profectus
1160 595 1217 665 op-

145 684 364 763 pugnatum,
381 668 470 763 quod
489 669 641 738 omnibus
658 669 810 763 gentibus
824 669 1013 738 admirabile
1027 686 1077 741 est
1091 675 1218 765 visum,

148 774 245 843 adeo
262 773 360 845 facile
376 772 536 868 perculit,
554 789 592 842 ut
610 789 684 868 post
697 774 782 842 diem
797 779 947 862 tertium,
965 801 1062 870 quam
1076 778 1217 851 Siciliam

151 883 340 975 attigerat,
365 883 541 973 Syracusas
568 881 738 948 introierit.
766 884 816 949 Ex
842 906 908 975 quo
930 880 1064 977 intelligi
1093 901 1217 978 potest,

158 985 334 1054 «Nullum
351 1010 421 1055 esse
439 986 612 1079 imperium
631 1000 757 1072 tutum,
781 989 841 1055 nisi
859 984 1087 1056 benevolentia
1106 995 1217 1060 muni-

155 1103 235 1158 tum
244 1078 288 1160 ⁵.»
300 1094 352 1160 Eo
366 1106 514 1185 tempore
526 1091 640 1160 aberat
654 1077 859 1185 Dionysius⁶,
870 1106 905 1159 et
919 1093 953 1159 in
972 1091 1066 1161 Italia
1081 1093 1216 1165 classem

155 1197 414 1291 opperiebatur,
431 1196 692 1266 adversariorum
712 1212 803 1266 ratus
818 1199 982 1291 neminem
1005 1199 1073 1266 sine
1092 1205 1218 1296 magnis

156 1305 265 1396 copiis
285 1302 329 1372 ad
350 1328 385 1371 se
405 1317 591 1371 venturum.
607 1304 691 1391 Quae
710 1327 761 1371 res
783 1327 859 1372 cum
878 1302 1015 1373 fefellit:
1037 1329 1113 1372 nam
1129 1309 1222 1383 Dion·

161 1503 239 1569 quod
248 1504 441 1577 receptaculum
450 1503 533 1557 futtui
540 1503 602 1556 belli
609 1521 671 1556 oon·
712 1515 795 1554 ratum
805 1516 880 1556 vocat
889 1502 1031 1558 Diodorus.
1041 1538 1081 1549 —
1093 1507 1218 1578 Quingerst

161 1582 297 1649 summi,
312 1595 492 1637 convenerunt
513 1586 586 1648 800,
599 1583 669 1635 Plut.
714 1587 743 1633 tis
756 1584 848 1653 torgis
876 1584 981 1637 naribus.
1009 1584 1217 1658 Quadringenta

162 1662 255 1724 Pthiis
263 1664 424 1716 rooohabet
433 1660 512 1715 Diod.
525 1662 613 1727 Quos,
621 1662 670 1713 suh
714 1674 814 1714 tautum
826 1674 946 1715 natuerat
954 1662 1094 1717 Diodorus.
1107 1698 1147 1708 —
1155 1668 1218 1720 Per·

161 1739 669 1811 vjumvmsuminsicilissdinsignem
712 1743 778 1794 tulit.
801 1743 842 1793 lta
861 1742 947 1794 Greci
967 1745 1158 1799 καταπλήττειν.
1178 1780 1218 1791 -

163 1829 304 1875 ¹¹utiterum
318 1822 462 1875 exemisse
475 1819 560 1873 addit.
574 1821 635 1873 Τις.
712 1821 843 1894 Syracusas
866 1824 991 1874 introierit.
1014 1822 1096 1893 Cujus
1118 1823 1219 1880 reditus

210 1892 327 1971 {Queat
338 1901 396 1953 odio
408 1903 511 1974 tyranru.
525 1896 605 1964 Quod
621 1917 670 1951 no·
713 1898 1218 1976 magnificentiam,Syracusanorumque

163 1986 239 2033 verat
255 1999 363 2033 exosum
384 1999 439 2033 esse
459 1979 566 2049 tyranni
587 1979 671 2050 impe·
712 1979 829 2031 letitiam
844 1979 968 2032 exhibent
982 1978 1093 2033 Diodor.
1107 1995 1134 2034 et
1146 1983 1215 2038 Plut.

162 2054 290 2126 rimae
306 2072 448 2133 propterea
467 2059 609 2130 populum,
631 2057 671 2109 uti
754 2059 779 2111 ⁵.
802 2058 902 2111 Nullam
916 2079 965 2111 esse
985 2063 1105 2130 ιἰιιμήιιιιι
1128 2073 1215 2127 tutum,

164 2141 273 2205 uenit,
296 2138 331 2192 ad
354 2157 382 2192 ae
405 2137 577 2191 deiecturum.
605 2137 671 2189 odio
713 2140 761 2189 ιιιίιΙ
772 2137 929 2189 benevolentia
943 2143 1063 2191 meritura.
1079 2140 1140 2193 Sall.
1155 2144 1217 2216 Jug.

163 2226 221 2271 'tou
233 2231 336 2272 tautum
345 2258 353 2285 ,
363 2216 410 2270 sed
424 2230 451 2269 et
463 2229 615 2287 contemptu
628 2229 671 2286 ty·
713 2217 754 2268 X:
768 2243 778 2263 ι
792 2217 852 2268 Νοιι
864 2218 992 2270 exercitus
1005 2238 1090 2289 neque
1102 2221 1217 2276 thesauri

162 2300 242 2351 nuni
255 2300 338 2352 fretus
354 2298 407 2349 Dio
422 2296 485 2360 tuit,
500 2297 539 2348 uti
555 2314 586 2347 ex
598 2297 671 2348 Aris·
713 2295 833 2365 praesidia
841 2299 917 2367 regni
925 2310 1098 2360 sunt,verura
1105 2302 1189 2354 amici.
1203 2328 1214 2349 s

162 2378 372 2443 toteleoeotitic.
383 2378 424 2440 V,
441 2394 489 2441 ro,
505 2387 622 2446 apparet.
638 2406 671 2416 —
712 2374 919 2446 EXenophont.
937 2375 1076 2447 Cyropad.
1087 2378 1173 2443 VIII,
1190 2399 1216 2450 7.

161 2449 275 2509 Μαίη
298 2460 388 2509 esim.
415 2456 456 2507 Ita
478 2473 505 2507 se
529 2455 671 2506 auimatum
754 2458 780 2509 6.
798 2456 839 2506 Eo
855 2467 956 2525 tempore
976 2454 1059 2505 aberat
1078 2457 1216 2530 Dionysius.

160 2527 307 2601 dictitans,
326 2548 370 2600 ut,
389 2552 560 2605 quocumque
585 2544 673 2604 posset
713 2533 790 2587 Tunc
812 2534 882 2585 enim
898 2533 925 2585 in
940 2534 1015 2585 Italia
1032 2534 1100 2587 circa
1122 2536 1218 2590 Caulo·

162 2614 305 2687 progredi,
318 2616 381 2668 satis
393 2614 433 2666 illi
443 2614 562 2665 laturum
574 2613 622 2676 εἰη
632 2626 671 2677 et,
714 2613 784 2664 uiam
799 2630 845 2667 seu
861 2612 980 2667 Colonen
997 2626 1053 2665 erat
1072 2614 1217 2686 oppidum,

161 2693 242 2748 sirei
258 2695 301 2747 rix
318 2695 347 2747 in
360 2708 459 2746 terram
473 2711 589 2764 egressus
600 2710 672 2743 uror·
714 2692 780 2744 arcis
807 2690 924 2745 custodia
948 2692 1107 2757 Timocrati,
1122 2697 1220 2750 soroms

162 2780 218 2827 tera
237 2784 388 2847 oppeteret,
404 2770 476 2825 haud
492 2790 598 2842 gravem
622 2770 672 2822 sibi
714 2771 1035 2837 marito,oommissa;uec
1045 2772 1096 2824 uisi
1107 2776 1219 2845 septimo

162 2848 292 2908 funum.
304 2854 409 2906 Batus.
420 2882 460 2893 —
471 2851 575 2903 Durabat
587 2869 673 2902 onera·
714 2862 773 2920 post
785 2850 877 2902 Diouis
892 2847 1007 2902 reditum
1021 2848 1066 2904 die
1080 2850 1220 2922 Syracusas

164 2938 209 2985 nis
221 2933 328 2987 maiheu.
345 2929 470 2985 Totidem
492 2943 519 2982 et
540 2928 673 2982 Diodorus
714 2927 1221 3001 rerersusestVideDiodorum,XV1,

164 3023 194 3062 et
213 3013 371 3067 Plutarchus
392 3021 541 3063 numerant.
557 3008 608 3062 Sed
629 3008 673 3060 hic
718 3027 761 3072 ιι,
775 2996 807 3060 et⁰
814 3007 1036 3077 Plutarchu,in
1051 3011 1149 3076 Dione,
1161 3032 1219 3086 cap.

166 3089 295 3145 addite„
306 3092 464 3145 comitatum
476 3089 607 3159 navigium
618 3106 673 3140 nou
715 3087 829 3140 XXXV.
852 3119 892 3130 --
921 3087 1026 3140 Classem
1048 3093 1218 3161 opperiebatur.

167 3183 312 3243 uagum,
331 3184 359 3224 et
385 3168 452 3223 duas
475 3170 673 3239 spissasripsue3
716 3167 767 3219 Cui
781 3180 891 3237 praeerat
905 3167 1046 3231 Philistus:
1062 3171 1124 3240 qui,
1136 3192 1219 3245 quum

169 3244 230 3315 itte,
243 3249 530 3305 &indemutatae
548 3246 673 3318 quasdam
715 3247 828 3299 venisset
840 3245 946 3299 taudem
965 3265 1025 3300 cum
1040 3250 1131 3303 multis
1143 3254 1221 3308 trire-

170 3339 201 3379 et
214 3330 274 3384 alias
284 3330 418 3384 ananias
426 3348 439 3380 a
448 3341 523 3399 tergo
535 3326 675 3399 Syracusas
716 3327 819 3393 suibus,
830 3324 877 3379 sed
890 3345 965 3391 sero;
979 3327 1056 3394 navi,
1073 3348 1125 3400 qua
1142 3334 1221 3387 vehe.

171 3402 266 3462 ducere
278 3413 388 3482 jussum.
402 3408 674 3477 Bosws.-()utrqaa·
717 3407 806 3470 hatur,
823 3419 914 3476 capta,
932 3425 1025 3458 manus
1046 3408 1096 3461 sihi
1118 3413 1222 3477 attulit,

171 3489 243 3550 {ints
253 3508 374 3541 utrarum.
384 3488 453 3540 Cum
463 3498 555 3539 nostro
569 3503 677 3537 consen·
718 3485 775 3551 vel,
789 3499 819 3536 ut
835 3487 878 3538 alii
892 3484 1013 3550 tradunt,
1026 3486 1054 3538 in
1066 3501 1221 3559 potestatem

174 3562 210 3616 tit
225 3567 365 3633 Diodorum
375 3566 530 3620 Plutarchus
543 3584 606 3639 vero
615 3578 675 3617 octo
719 3564 926 3617 adversariorum
934 3566 1053 3630 verrit‚ah
1061 3568 1145 3638 iisque
1154 3568 1222 3620 tede

175 3654 205 3692 et
217 3646 378 3720 quadraginta
387 3647 486 3699 scribit.
494 3646 674 3715 -Imperiuru
719 3656 744 3696 et
751 3646 938 3698 contumeliose
948 3644 1093 3698 trucidatus
1104 3661 1150 3698 est.
1160 3648 1222 3699 Plu·

176 3718 257 3781 Qum
269 3732 394 3779 mairam
404 3730 474 3778 totius
483 3726 590 3795 Europa
602 3725 676 3775 dorri-
719 3724 793 3776 tarch
808 3737 833 3776 et
848 3723 926 3777 Diod.
942 3724 993 3777 Sic.
1010 3726 1084 3775 xvl.
1100 3726 1220 3779 Lassata.
