2706 4770
248 363 322 412 nau
610 339 947 408 TESTIMONIA

245 468 509 569 Epaminondam
525 483 559 538 et
572 467 760 564 Pelopidam
772 496 783 559 3
794 495 837 540 ex
855 473 1081 565 Symmuams,
1101 476 1160 568 qui
1175 492 1309 547 etanta

246 576 426 649 Corinthiis
437 577 519 662 orti,
532 576 676 645 Dionem
690 602 700 661 ;
716 602 758 646 ex
769 577 847 673 ipsis
861 578 1059 666 Corinthiis,
1075 582 1133 674 qai
1144 584 1307 656 maximas

244 709 296 754 res
314 683 482 778 Syracusis
500 683 614 776 gessit,
629 682 867 753 Timoleontem
882 708 945 772 ,ex
959 685 1190 757 semibarbaris
1207 680 1308 773 (nan

243 790 469 861 Chersonesus
484 789 626 857 Thracia
636 791 775 860 Graeciae
791 789 894 859 ferme
908 785 1209 882 annumerabatur)
1221 797 1305 866 Cu·-

109 942 111 947 -
243 896 377 966 dianum
388 897 571 965 Eumenem
586 921 593 964 :
606 918 646 965 ac
661 911 837 992 postquam
852 897 907 967 hic
922 896 1138 966 admonuerat
1155 901 1307 995 Regem,

242 1027 385 1097 quonam
394 1004 711 1072 commemoratione
718 1017 876 1099 tanquam
887 1002 989 1073 limite
997 1004 1169 1093 utebatur,
1182 1031 1225 1076 ex
1234 1007 1308 1079 ban

161 1110 164 1115 ’
243 1109 330 1178 baris
345 1109 414 1202 jam
430 1109 598 1178 arcessivit
613 1110 902 1206 Carthaginienses
920 1108 1142 1180 Hamilcarem
1159 1127 1193 1180 et
1210 1115 1305 1183 Han·

242 1214 403 1302 nibalem,
422 1239 462 1285 ac
475 1229 549 1284 tam
568 1214 709 1310 denique
729 1232 878 1286 extremo
898 1215 972 1287 loco
989 1219 1166 1286 nauem
1179 1220 1306 1291 Carene

244 1320 372 1415 adjecit.
387 1320 593 1416 Singularem
612 1346 692 1418 ergo
707 1322 899 1417 quemdam,
912 1338 952 1395 ut
969 1323 1048 1392 binc
1065 1338 1179 1418 patet,
1194 1325 1306 1397 delec-

244 1440 316 1497 tum
341 1430 454 1524 Nepos
475 1428 599 1498 babuit.
626 1432 705 1501 Non
726 1430 813 1499 enim
838 1453 954 1501 omnes
978 1428 1115 1500 volebat
1136 1430 1307 1527 explicare

244 1535 477 1630 imperatores,
492 1535 567 1623 sed,
587 1550 626 1605 ut
643 1538 713 1631 ipse
730 1537 796 1624 ait,
814 1537 1028 1608 exceltentes.

660 1739 886 1825 aonam,

420 1932 512 1981 nisa.
540 1932 834 1998 sustentamur.
862 1934 1066 2001 xxv11‚cra.
1097 1939 1129 1982 a.

300 2103 412 2172 «Son
435 2099 516 2197 style
532 2093 546 2189 (
562 2101 603 2171 de
622 2106 723 2173 Corn.
741 2095 884 2197 Ne'pos)
905 2117 955 2172 est
974 2130 1054 2223 pur,
1071 2118 1129 2173 net
1134 2104 1305 2201 ,elegant

243 2212 292 2279 La
309 2207 505 2329 simplicite,
523 2209 580 2304 qui
598 2231 640 2277 en
659 2208 717 2277 fait
737 2233 783 2277 un
801 2207 858 2278 des
876 2211 1071 2305 principans
1095 2213 1308 2304 caracteres,

242 2329 292 2384 est
310 2311 413 2385 mele'e
431 2300 531 2382 d'une
565 2314 689 2407 grande
711 2312 919 2404 delicatesse‚
937 2330 971 2385 et
988 2314 1116 2386 relevde
1136 2316 1178 2386 de
1194 2269 1308 2441 tempi

243 2444 285 2490 en
302 2434 410 2515 temps
431 2419 569 2514 perdes
591 2419 726 2514 pense'es
747 2418 862 2490 nobles
878 2435 911 2490 et
932 2421 1058 2492 solides
1082 2425 1168 2492 Mais
1190 2449 1230 2494 ce
1247 2427 1306 2521 qui

243 2552 296 2597 me
314 2526 423 2621 paroit
439 2524 480 2595 de
501 2524 575 2623 plus
593 2525 762 2596 estimable
779 2526 861 2596 dans
875 2541 928 2596 cet
946 2542 1080 2619 auteur,
1092 2544 1143 2598 est
1161 2554 1208 2598 un
1221 2530 1306 2629 gout

243 2634 379 2729 marqud
398 2658 485 2731 pour
496 2630 544 2702 les
559 2633 680 2729 grands
698 2634 868 2758 principes
880 2632 1080 2725 d’honneur‚
1098 2635 1138 2705 de
1155 2637 1307 2733 probate

242 2739 284 2809 de
305 2756 419 2828 vertu,
439 2739 480 2809 de
494 2739 815 2829 de‘sintdressement,
836 2725 987 2810 d'amour
1007 2741 1053 2810 du
1078 2741 1154 2811 bien
1166 2742 1307 2872 public,

241 2872 286 2941 qu
288 2832 320 2916 'il
334 2794 457 2919 semble
469 2847 562 2915 avoir
574 2844 702 2916 dessein
717 2833 760 2915 d''
752 2848 897 2917 insinues
911 2847 992 2917 dans
1004 2862 1080 2918 tous
1091 2874 1142 2919 ses
1157 2850 1303 2920 ecrits.»

676 3056 875 3144 maner,

304 3258 352 3306 nn
382 3257 428 3303 aa
460 3236 621 3302 narrans
653 3216 816 3303 n’ncman
847 3216 1068 3318 immonsa,
1099 3254 1240 3305 sroonn

665 3357 875 3405 nnanarran.

297 3573 315 3608 a
331 3545 387 3612 On
402 3540 477 3611 loue
489 3536 520 3607 le
532 3537 614 3633 style
624 3538 666 3607 de
672 3534 851 3607 Cornelius
863 3538 896 3606 N
897 3535 1047 3632 epos30n
1061 3554 1179 3611 trouve
1194 3544 1306 3614 meme

239 3674 283 3721 en
304 3648 350 3719 lui
370 3646 511 3743 quelque
528 3642 637 3740 legere
656 3641 805 3712 e'tincelle
825 3642 868 3711 de
892 3667 931 3712 ce
951 3646 1045 3739 genie
1067 3645 1225 3742 politique
1243 3652 1304 3744 qui

238 3758 320 3828 dtort
332 3780 452 3826 encore
463 3751 786 3839 communauome
799 3749 881 3819 dans
892 3776 938 3820 un
955 3769 1101 3824 moment
1113 3755 1304 3826 surtoutoit

239 3853 261 3934 l’
264 3892 308 3937 on
320 3865 432 3959 royoit
442 3889 457 3932 s
458 3849 618 3931 'eorouler
631 3881 696 3926 une
710 3805 904 3953 repirblique
917 3844 972 3952 qu’
975 3885 1019 3927 on
1033 3864 1204 3955 regrettoit
1215 3865 1243 3931 si
1258 3886 1304 3932 on

239 3959 356 4044 n'etoit
368 3996 428 4066 pas
443 3993 463 4038 a
477 3965 592 4063 portee
606 3962 651 4037 de
666 3950 806 4038 s'elerer
823 3989 880 4038 sur
897 3990 949 4037 ses
965 3968 1084 4037 ruines
1105 3967 1306 4064 Cependant
