2706 4770
246 402 318 446 xtn
593 380 941 447 TESTIMONIA

241 511 464 597 aristocratia,
482 509 748 602 gubernabatur3
767 512 879 595 vinco,
902 512 1034 604 opinor,
1053 536 1128 578 eum
1150 538 1219 581 non
1239 514 1303 584 flo-

244 617 346 684 ruisse
373 614 559 683 Tlreodosio
585 617 787 712 imperante,
810 616 898 709 quod
918 617 1049 710 quidam
1076 617 1203 687 volunt.
1228 623 1304 690 Hoc

245 722 452 815 igiturquum
460 720 570 790 multis
579 725 780 816 argumentis
789 722 1013 792 demonstrare
1023 725 1156 818 possim,
1169 725 1303 797 duobus

244 842 418 896 contentus
434 853 492 896 ero
508 853 516 893 :
534 853 674 921 quorum
693 829 758 896 hoc
772 832 833 897 erit
851 831 1012 923 primum,
1025 830 1114 924 quod
1129 834 1242 900 statim
1260 833 1302 902 ab

243 933 354 1021 initio,
381 950 414 1003 et
438 936 599 1028 prooemio
622 934 717 1020 libri,
740 938 893 1004 Atticum
916 938 1107 1004 nominatim
1134 936 1302 1031 appellat,

243 1041 369 1133 ipsique
385 1040 467 1108 adeo
485 1042 594 1109 Attico
606 1040 726 1109 libmm
741 1042 906 1128 inscribit,
921 1066 960 1111 ac
973 1041 1121 1129 dedicat,
1138 1043 1201 1130 ibi,
1217 1046 1303 1113 Noa

241 1144 358 1215 dubito
353 1148 442 1239 fore
443 1148 638 1241 plerosque,
646 1151 773 1233 Attice,
781 1154 843 1242 qui
849 1149 914 1216 boc
920 1173 1029 1242 genus
1039 1153 1228 1245 πημανεῖ,
1236 1165 1299 1218 etc.

243 1253 420 1350 Nequeest
433 1253 522 1348 quod
534 1256 705 1348 quisquam
724 1253 804 1321 mihi
817 1254 924 1339 dicat,
939 1253 1038 1322 alium
1056 1255 1144 1324 hunc
1161 1278 1233 1323 esse
1248 1257 1302 1323 At-

244 1360 365 1448 ticum,
383 1384 482 1454 quam
501 1384 591 1447 eum,
610 1360 764 1455 adquam
778 1361 907 1453 scripsit
926 1362 972 1428 Μ.
994 1359 1127 1428 Tullius.
1147 1361 1214 1449 Qui
1229 1361 1301 1430 baec

243 1462 437 1561 loquuntur,
447 1467 570 1535 nodum
582 1468 618 1534 in
631 1468 738 1560 scirpo
752 1465 1028 1559 quaerunt.·Quod
1038 1481 1148 1534 autem
1162 1466 1300 1560 quidam

242 1587 419 1658 testantur,
433 1598 467 1640 se
485 1575 519 1640 in
536 1572 679 1666 quodam
696 1572 780 1641 libro
799 1574 869 1641 MS.
890 1574 933 1640 ita
949 1575 1108 1666 scriptum
1125 1574 1301 1666 reperisse,

242 1682 324 1748 Non
342 1677 460 1746 dubito
458 1679 546 1770 fore
562 1680 762 1772 plerosque,
779 1684 840 1772 qui
853 1680 982 1748 Atoeae
994 1678 1059 1747 boc
1067 1698 1178 1772 genus
1194 1684 1300 1773 scrip

243 1799 330 1851 turae
343 1785 423 1867 leve,
440 1798 519 1870 etc,
530 1799 629 1877 atque
644 1784 730 1853 hanc
749 1787 945 1878 scripturam
961 1783 1215 1879 probabiliorem
1227 1795 1305 1852 esse

242 1903 375 1984 recepta
394 1890 454 1958 sibi
466 1890 570 1958 videri
582 1890 716 1975 dicunt,
732 1916 782 1959 nae
797 1889 843 1958 illi
858 1891 981 1983 judicio
1000 1902 1074 1959 sunt
1089 1915 1206 1985 parum
1221 1890 1300 1958 sub·

242 1993 312 2082 tili,
331 2009 388 2062 aut
411 1994 548 2083 limato,
570 1996 688 2088 quibus
708 1998 778 2066 baec
806 1995 901 2064 lectio
923 1997 1056 2090 probari
1082 1997 1217 2064 omnino
1239 2021 1300 2091 po·

242 2104 355 2187 tuerit,
368 2126 469 2195 quum
483 2126 521 2169 ea
533 2101 664 2197 quidem
681 2104 721 2171 sit
733 2104 932 2194 ineptissima
941 2117 1038 2196 atque
1049 2101 1298 2170 absurdissima:

242 2210 326 2274 ratio
345 2221 453 2275 autem
466 2260 474 2293 ,
486 2231 550 2301 qua
569 2232 642 2275 eam
664 2222 828 2293 tutantur,
850 2206 1029 2294 levissima,
1047 2221 1080 2274 et
1097 2209 1239 2275 maxime
1260 2209 1300 2275 ri

242 2311 365 2394 dicula,
381 2328 548 2381 auctorem
568 2313 690 2382 idcirco
706 2314 791 2381 hanc
811 2315 1018 2408 scriptionem
1035 2312 1216 2409 appellasse
1233 2316 1300 2382 At-

240 2423 343 2485 ticum
371 2442 390 2485 a
417 2421 564 2513 principe
592 2420 727 2487 Graeciae
755 2420 909 2504 civitate,
937 2418 1024 2512 quod
1062 2421 1299 2512 imperatorum

243 2526 437 2594 Graecorum
461 2527 541 2593 vitas
569 2524 816 2619 complectatur.
840 2527 943 2612 Quasi
964 2549 1044 2593 vero
1066 2549 1174 2593 sermo
1195 2548 1216 2592 a
1235 2548 1299 2592 na·

242 2633 330 2700 tione
352 2655 584 2730 personarum,
610 2631 650 2700 de
671 2631 789 2725 quibus
809 2630 987 2716 habeatur,
1017 2633 1058 2700 sit
1084 2629 1301 2725 appellandus

244 2740 399 2823 Graecus,
414 2752 471 2805 aut
490 2725 645 2824 Latinus,
661 2751 717 2805 aut
732 2734 895 2822 Gallicus,
909 2752 966 2806 aut
980 2739 1162 2830 Hispanus,
1177 2736 1301 2805 etitem

243 2841 283 2911 de
302 2844 426 2912 ceteris.
451 2845 523 2938 Ego
544 2867 622 2911 vero
641 2845 837 2937 scripturam
851 2841 939 2911 illam
963 2843 1061 2911 furcis
1074 2840 1302 2937 expellendam

241 2974 330 3031 esse,
352 2964 385 3018 et
410 2948 496 3018 hanc
518 2965 681 3043 receptam
709 2948 874 3017 mordicus
897 2948 1099 3017 retinendam
1123 2973 1193 3018 esse
1213 2947 1300 3017 dico.

243 3055 369 3124 Eodem
391 3059 547 3149 pertinet,
569 3055 658 3148 quod
680 3058 713 3122 in
736 3057 863 3125 Catone
888 3055 1018 3139 scribit,
1045 3083 1061 3116 α
1087 3078 1120 3120 se
1141 3053 1236 3147 plura
1259 3054 1302 3121 de

242 3162 308 3229 vita
323 3175 355 3229 et
378 3163 524 3230 moribus
536 3163 672 3233 Catonis
687 3163 770 3229 ineo
781 3161 864 3230 libro
875 3175 1083 3254 persecutum
1098 3184 1185 3245 esse,
1199 3183 1302 3252 quem

242 3268 416 3360 separatim
440 3266 480 3334 de
503 3292 560 3350 ec,
585 3281 703 3361 rogatu
728 3269 791 3333 Titi
818 3267 991 3360 Pomponii
1013 3266 1130 3350 Attici,
1158 3265 1243 3333 fecit
1281 3295 1299 3329 »

242 3371 391 3439 Alterum
416 3386 648 3465 argumentum
676 3387 747 3455 est,
772 3371 861 3464 quod
888 3395 986 3439 nemo
1010 3384 1104 3439 aetate
1123 3369 1304 3439 Theodosii

243 3479 288 3545 sic
313 3477 442 3546 locutus
461 3493 529 3562 est,
550 3491 587 3544 ut
608 3476 661 3546 hic
682 3479 822 3569 scriptor
845 3476 997 3570 loquitur.
1017 3479 1077 3544 Est
1096 3477 1184 3544 enim
1206 3473 1302 3543 iilum

242 3583 339 3676 hujus
362 3587 518 3652 orationis
540 3583 859 3677 subtile,⁴pressum,
874 3582 1043 3667 limatum,
1058 3596 1091 3650 et
1105 3580 1201 3675 plane
1220 3583 1305 3650 Atti-

242 3713 335 3774 cum,
348 3715 514 3784 genusque
523 3689 652 3758 dicendi
662 3691 826 3778 nativum,
839 3714 974 3785 purum,
986 3686 1131 3781 elegans,
1144 3687 1304 3773 nitidum,

242 3822 309 3865 non
321 3795 540 3880 elaboratum,
555 3821 621 3864 non
640 3795 736 3889 longe
748 3799 954 3882 arcessitum,
966 3820 1033 3862 non
1047 3794 1217 3888 putidum,
1232 3818 1303 3862 non

242 3903 397 3987 insolens,
414 3926 518 3996 neque
536 3902 693 3968 teretibus
715 3903 849 3971 auribus
864 3904 1014 3973 odiosum
1029 3901 1105 3986 ;sed
1122 3900 1219 3994 plane
1232 3903 1302 3969 Ro·

242 4034 373 4080 manam
394 4008 633 4102 simplicitatem
649 4021 683 4075 et
703 4008 895 4077 munditiem
917 4008 1061 4077 referens
1077 4031 1115 4075 ac
1134 4006 1304 4094 redolens,
