2706 4770
151 356 200 441 ss
418 351 690 420 coaunsn
716 350 950 421 NEPOTIS

149 511 218 557 non
240 508 335 580 posse
355 480 452 568 fieri3
472 482 613 576 ideoque
633 507 711 551 eum
733 484 878 552 amicum
898 484 959 553 sibi
979 485 1139 579 cupiebat
1159 488 1217 557 ad-

146 594 249 691 jungi.
269 592 385 682 Neque
405 587 578 657 dubitabat
604 587 699 658 facile
720 612 754 656 se
775 603 1050 678 consecuturum,
1073 594 1102 660 si
1119 594 1216 663 modo

149 701 220 794 ejus
241 693 457 765 conveniendi
475 694 644 763 habuisset
662 708 870 789 potestatem.
890 697 979 764 Nam
991 685 1140 790 Cyrum⁵
1154 699 1215 768 fra·

148 823 233 877 trem
250 804 280 870 ei
294 798 418 870 bellum
434 798 519 869 clam
538 824 676 895 parare,
694 800 955 870 Lacedaemoniis
967 801 1213 896 adjuvantibus,

149 910 274 984 sciebat
292 906 350 976 :id
369 907 395 975 si
418 908 448 974 ei
471 908 673 1001 aperuisset,
692 929 847 1000 magnam
871 932 906 976 se
928 908 1032 977 abeo
1057 910 1212 981 initunrm

146 1018 284 1116 gratiam
305 1012 446 1082 videbat.

200 1125 243 1192 X.
276 1125 356 1189 Haec
389 1144 492 1213 quum
520 1117 713 1201 moliretur,
738 1133 931 1214 peteretque
952 1144 972 1188 a
1000 1121 1210 1192 Pharnabazo

147 1247 186 1302 ut
203 1229 245 1299 ad
260 1252 371 1322 regem
391 1227 600 1312 mitteretur;
618 1223 744 1307 eodem¹
758 1241 909 1320 ternpore
931 1226 1072 1296 Critias¹
1096 1230 1209 1298 ceteri·

147 1363 211 1434 que
230 1336 360 1430 tyranni
381 1332 630 1400 Atheniensium
652 1345 760 1400 certos
776 1331 927 1402 homines
944 1331 987 1400 ad
1006 1334 1208 1428 Lysandnun
1248 1412 1252 1419 Ι

146 1447 180 1514 in
199 1445 310 1513 Asiam
326 1440 506 1522 miserunt,
525 1438 580 1529 qui
602 1461 678 1504 eum
700 1439 875 1506 certiorem
896 1437 1065 1527 facerent,
1081 1439 1208 1510 nisiAl·

147 1551 308 1620 cibiadem
327 1542 526 1628 sustulisset,
541 1541 623 1611 nihil
638 1566 752 1611 earum
771 1568 884 1612 rerum
902 1544 974 1613 lore
990 1559 1122 1634 ratum,
1135 1571 1207 1642 quas

147 1659 218 1752 ipse
234 1653 371 1724 Athenis
391 1650 638 1717 constituisset:
658 1673 781 1743 quare,
800 1651 827 1718 si
850 1675 924 1719 suas
947 1674 999 1719 res
1017 1666 1127 1745 gestas
1145 1677 1208 1722 ma·

147 1787 226 1832 nere
248 1757 366 1838 vellet,
388 1752 479 1822 illum
501 1769 763 1848 persequeretur.
785 1757 847 1824 His
868 1754 977 1826 Laco'
1002 1757 1102 1827 rebus
1121 1784 1209 1828 com·

148 1882 258 1937 motus
276 1862 409 1947 statuit,
430 1862 615 1929 accuratius
630 1862 691 1930 sibi
710 1861 876 1955 agendum
891 1886 968 1930 cum
989 1863 1211 1935 Pharnabazo.

81 2036 87 2047 ,
148 1976 236 2043 Huic
253 1996 333 2066 ergo
348 1968 532 2054 renuntiat,
546 1992 620 2060 quae
635 1969 706 2061 regi
722 1992 798 2036 curn
814 1967 1076 2039 Lacedaemoniis
1093 1986 1210 2059 essent,

147 2082 240 2150 irrita
260 2078 395 2162 futura,
419 2074 480 2141 nisi
506 2072 708 2142 Alcibiadem
733 2075 847 2141 vivum
875 2088 934 2141 aut
954 2089 1125 2144 mortuum
1149 2092 1208 2147 tra·

147 2185 290 2254 didisset.
313 2183 391 2250 Non
413 2164 505 2247 tulit³
518 2179 584 2248 hoc
605 2193 770 2274 satrapes,
788 2193 822 2247 et
843 2178 968 2248 violare
990 2180 1209 2272 clementiam,
1242 2241 1246 2245 ,

148 2315 249 2384 quam
266 2290 351 2382 regis
372 2309 452 2378 opes
467 2287 589 2371 minui,
606 2283 731 2354 maluit.
747 2287 864 2379 Itaque
882 2287 971 2354 misit
989 2288 1209 2381 Sysamithren

148 2411 182 2465 et
195 2377 361 2488 Ragoam⁴
375 2389 415 2457 ad
427 2388 629 2460 Alcibiadem
642 2389 926 2479 interficiendum,
940 2416 1045 2486 quum
1059 2393 1114 2463 ille
1130 2409 1208 2465 esset

150 2503 184 2570 in
207 2499 366 2593 Phrygia,
383 2497 511 2589 iterque
529 2496 571 2572 ud
589 2522 701 2591 regem
720 2510 937 2591 compararet.
952 2499 1048 2567 Missi
1065 2499 1152 2570 clam
1165 2505 1208 2569 vi-

152 2609 276 2677 cinitati
285 2591 309 2693 ⁵,
329 2606 363 2672 in
384 2625 448 2697 qua
469 2616 540 2670 tum
566 2601 751 2672 Alcibiades
768 2617 857 2692 erat,
870 2602 952 2672 dant
968 2607 1162 2698 negotium,
1177 2623 1210 2677 ut

194 2820 219 2872 5.
243 2815 341 2888 Cyrum.
362 2809 511 2864 Artaxerxis
531 2808 659 2873 fratrem,
702 2809 1018 2882 Iugurtha‚ll{auruspro
1027 2813 1211 2870 Bocchoufflt

153 2899 196 2953 cui
205 2897 300 2950 Darius
313 2921 323 2941 ι
334 2891 451 2946 civitates
460 2907 587 2961 ,quarum
596 2906 662 2959 prse-
703 2901 791 2961 patur.

153 2980 235 3032 fectus
253 2986 325 3041 erat,
348 2982 501 3025 testamento
523 2968 627 3040 legavit.
646 2992 657 3014 ι
745 2968 1209 3040 3.Νοιιω1ἰι.Νειιιρεοωίῑῑρηίω

154 3057 225 3111 Vide
238 3049 537 3117 sustuna-Abeo
550 3053 661 3101 Manum
703 3048 764 3100 Tas.
778 3079 818 3090 -
835 3047 997 3103 Clementiam.
1017 3052 1137 3124 Respicit
1153 3053 1210 3107 ha.

153 3141 266 3208 gratiam
285 3134 318 3186 Se
333 3129 409 3184 valde
427 3131 596 3182 Artaxerxem
614 3125 661 3179 de·
704 3128 764 3198 pitii
771 3128 888 3193 tutelam,
895 3126 1028 3200 fidemque
1036 3128 1125 3185 datam
1135 3133 1210 3186 exuli

155 3216 320 3268 meriturum.
746 3214 771 3271 4.
803 3208 887 3280 Itaque
916 3211 982 3259 misit
1005 3209 1170 3281 Sysamieam
1190 3226 1212 3264 ,r

196 3296 260 3349 Cir.
278 3293 312 3343 tt.
333 3309 356 3343 1.
371 3289 470 3341 Critias.
484 3287 605 3357 Triginta
619 3297 661 3358 ty·
704 3286 823 3356 Bagoam.
845 3287 1027 3357 Sysamithren
1050 3291 1210 3345 Pha-nahai

155 3391 300 3428 rannorum
312 3367 523 3421 immanissimus.
533 3364 603 3417 Vide
615 3365 661 3417 Ci·
704 3379 830 3437 patruum
845 3376 922 3418 vocat
941 3368 1078 3423 Plutarch.
1101 3373 1211 3443 Bugosm

155 3473 208 3507 cer.
224 3452 288 3503 Tus.
304 3458 394 3520 quast.
410 3447 440 3510 1,
457 3449 503 3515 96.
522 3476 562 3488 -
578 3443 661 3494 Certos
703 3458 889 3497 veronontsm
896 3453 1211 3523 nomenesseproprinm‚

156 3535 267 3586 manes.
296 3527 453 3580 Plutarchus
482 3522 584 3586 tradit,
605 3541 660 3575 non
704 3532 1212 3601 qusmcommune,pntsnt,qnopm

156 3625 216 3666 ante
236 3607 380 3662 adductum
400 3624 455 3658 esse
475 3600 660 3673 Lysandrum,
704 3604 855 3658 eunuchum
868 3607 1006 3660 vocabant.
1018 3609 1070 3660 Alii
1082 3611 1210 3682 Bagoam.

155 3707 186 3746 ut
197 3685 360 3745 Alcibiadem
369 3683 403 3736 de
412 3682 501 3735 medio
513 3679 660 3734 tollendum
746 3686 772 3737 5.
799 3685 936 3739 Viciaitati.
964 3685 1040 3739 Hanc
1065 3695 1212 3743 minim„

155 3783 276 3834 curaret,
299 3783 378 3837 quam
402 3761 430 3814 id
450 3762 605 3814 nominatim
628 3763 660 3813 ab
703 3763 836 3817 Melissam
849 3765 943 3816 urbem
957 3767 1048 3818 scribit
1056 3769 1211 3835 Athenans,

156 3851 263 3927 ephoris
273 3847 298 3900 ei
308 3840 446 3897 mandatus
455 3854 529 3893 esset.
538 3842 659 3894 Lanam.
703 3842 786 3908 XIII,
797 3862 841 3896 ta.
850 3844 932 3897 Urbis
939 3864 1036 3898 nomen
1043 3853 1214 3902 εειενὶιῑηὶα.

198 3953 224 3987 a.
244 3932 317 3983 laco.
334 3919 547 3976 Lacedaemonius
562 3921 660 3991 Lysan-
704 3934 750 3974 tem
762 3921 875 3976 mauide
889 3923 999 3995 quidam
1010 3926 1116 3982 volunt.
1132 3930 1212 3982 Veia.

154 4012 210 4067 der.
220 4004 355 4080 lts,spnd
364 4003 484 4069 Sallust,
494 4000 600 4056 amia
608 4018 659 4072 pro
702 4001 730 4056 h.
745 4021 768 4056 e.
778 4002 866 4074 iisqui
876 4003 904 4057 in
915 4006 1212 4064 suiauatehsbitsbsnt.
