2706 4770
256 389 300 436 tx
603 361 948 434 TESTIMONIA

254 496 437 593 producere
459 496 624 589 potuerit3
644 498 711 565 imo
729 520 748 563 a
763 497 878 588 quovis
906 508 1145 587 cognoscatur,
1163 494 1226 563 bac
1248 521 1314 566 me·
1348 578 1352 589 ,

253 603 357 671 thodo
375 604 521 670 instituta
535 604 642 671 minus
651 626 827 697 operosum
842 601 1087 694 conquisitionis
1103 614 1312 696 atqueexpo·
1347 598 1350 605 ’

255 710 378 778 sitionis
397 707 543 777 laborem
557 711 591 776 in
611 709 676 778 boc
697 732 797 804 opere
815 707 964 776 debuisse
986 707 1078 775 reddi
1092 709 1240 791 auctori3
1259 706 1312 778 de

253 814 505 908 prehendimus,
524 828 599 908 post
618 829 684 883 tres
699 815 947 883 Atheniensium
965 814 1064 882 duces
1080 815 1313 907 interpositum

253 920 540 990 Lacedaemonium
559 946 680 1008 unum,
700 920 817 989 deinde
838 921 928 1013 sequi
949 919 1058 988 denuo
1074 920 1327 996 Atheniensem,

202 1019 206 1026 ¹
252 1050 355 1095 unum
366 1080 375 1114 ,
386 1022 547 1095 etiterum
559 1027 861 1123 Lacedaemonium
871 1040 940 1093 tum
956 1040 1021 1094 tres
1035 1027 1191 1095 continuo
1205 1027 1312 1096 Athe·

137 1192 140 1196 ,
252 1134 401 1219 aienses,
420 1158 503 1227 quos
522 1157 541 1200 a
562 1148 639 1226 post
659 1132 903 1226 insequentibus
920 1132 1024 1200 tribus
1038 1132 1206 1224 abrumpit
1218 1134 1311 1201 Sicu·

252 1235 303 1307 lus
320 1262 377 1307 seu
393 1241 616 1332 Syracusanus
637 1240 725 1308 Dion
740 1253 963 1332 ,postremum
981 1238 1121 1331 denique
1136 1237 1313 1306 Athenien·

252 1368 320 1412 sem
341 1346 542 1414 Phocionem
564 1342 714 1413 avulsum
736 1344 1032 1438 aproecedentibus
1050 1345 1230 1429 cernimus,
1242 1368 1312 1413 non

251 1451 351 1520 modo
367 1451 532 1519 Thebanis
550 1450 678 1520 duobus
694 1475 770 1519 curn
787 1464 956 1544 postremo
971 1448 1240 1534 Lacedaemonio,
1253 1449 1313 1519 sed

252 1556 417 1625 Cardiano
429 1558 526 1624 etiam
541 1559 703 1643 Eumene,
715 1571 749 1625 et
759 1556 901 1625 barbaro
915 1580 1061 1649 quoque,
1073 1556 1100 1622 si
1110 1554 1173 1623 diis
1184 1553 1311 1649 piacet,

251 1663 408 1747 Datame,
422 1676 578 1756 tanquam
599 1662 801 1750 retinaculis,
814 1661 999 1755 interjectis.
1021 1660 1168 1729 Tandem
1184 1659 1312 1730 claudit

251 1790 369 1860 agmen
397 1768 590 1836 Corinthius
623 1767 802 1836 Timoleon.
833 1770 877 1837 Et
908 1770 1004 1836 istam
1037 1767 1311 1835 disturbationem

250 1886 349 1967 atque
375 1866 681 1942 interturbationem
710 1875 846 1943 Graeciae
872 1874 1042 1942 civitatum
1067 1872 1149 1952 mihi
1178 1885 1312 1942 excuset

143 1997 147 2007 ‘
251 1976 473 2074 chronologiae
491 1978 600 2049 ratio?
621 1977 722 2050 Nullo
737 1978 847 2048 modo.
870 1978 978 2066 Quid,
999 1978 1088 2074 quod
1110 2001 1151 2045 ne
1172 1977 1312 2048 chuono

250 2081 336 2178 logia
355 2086 505 2179 quidem,
526 2110 625 2182 quam
640 2086 782 2155 editores
802 2098 1005 2179 praetexunt,
1024 2085 1080 2153 hic
1096 2097 1209 2152 exacte
1232 2086 1312 2154 satis

250 2190 403 2258 constat?
422 2190 575 2285 Alioquin
596 2193 684 2260 enim
707 2189 877 2286 Pelopidas
899 2191 1101 2285 praecedere,
1118 2190 1207 2283 sequi
1224 2192 1313 2284 Epa·

250 2296 423 2364 minondas
436 2296 619 2384 debuisset,
632 2297 718 2392 quod
734 2313 844 2366 tamen
862 2296 1039 2365 clarissima
1053 2297 1194 2364 auctoris
1206 2295 1313 2366 verba

251 2425 318 2470 non
329 2401 585 2498 admittunt,qui
597 2406 630 2471 in
642 2403 796 2498 Pelopida
807 2403 850 2471 ad
859 2402 1122 2497 Epaminondam
1131 2403 1312 2496 respiciens

248 2507 294 2576 ait
308 2533 316 2575 :
330 2513 417 2576 st'cut
435 2533 542 2605 siqua
559 2510 741 2579 docenium.

302 2614 365 2684 Vel
385 2615 453 2701 his,
468 2640 540 2709 quae
558 2617 717 2686 hactenus
735 2612 864 2710 prolata
873 2629 965 2700 sunt,
981 2613 1081 2683 credo
1089 2614 1310 2709 suspicionem

246 2723 368 2814 justam
378 2723 456 2789 oriri
466 2722 537 2814 jam
547 2721 666 2791 debere
675 2724 709 2790 in
721 2721 890 2808 omnibus,
903 2720 1052 2788 ordinem
1062 2718 1153 2788 illum
1166 2721 1311 2790 vitarum

249 2850 316 2896 non
333 2851 402 2896 esse
418 2828 636 2921 profectuma
658 2830 805 2922 Nepote,
825 2826 881 2895 sed
902 2827 971 2919 ejus
991 2825 1190 2895 ordinationi
1200 2824 1312 2895 aliena

248 2955 349 3001 manu
368 2935 435 3001 virn
453 2958 523 3003 csse
546 2934 744 3022 adhibitam,
767 2933 1052 3025 turbationemque
1073 2933 1175 3001 totius
1198 2933 1311 3026 operis

250 3036 380 3109 factam.
395 3043 432 3112 Id
447 3065 562 3109 revera
581 3043 626 3108 ita
642 3064 730 3128 esse,
750 3039 828 3107 hinc
844 3061 1030 3108 asseverare
1046 3039 1114 3131 jam
1129 3037 1211 3106 nihil
1232 3062 1310 3132 pro·

248 3143 336 3214 fecto
345 3145 468 3219 dubito.
483 3148 517 3216 Si
527 3171 671 3242 quaeras,
687 3144 819 3240 quando
831 3160 922 3214 tanta
936 3143 1074 3215 mutatio
1085 3145 1178 3238 operi
1193 3160 1309 3215 nostro

182 3254 185 3259 ’
248 3251 425 3321 acciderit?
440 3252 562 3340 dicam,
581 3250 785 3322 hauddubie
804 3251 837 3320 id
857 3252 1002 3321 evenisse
1014 3274 1084 3319 aruo
1099 3247 1155 3317 illo
1167 3249 1308 3338 infelici,

247 3368 281 3421 et
298 3354 392 3426 bonis
419 3357 501 3425 adeo
521 3358 713 3426 auctoribus
737 3360 961 3451 improspero,
975 3355 1064 3450 quod
1084 3359 1310 3426 communiter

247 3460 391 3530 medium
418 3461 582 3569 appellare
609 3463 754 3531 historici
776 3462 882 3530 solent
906 3489 913 3530 :
935 3487 1020 3557 quo,
1045 3463 1101 3556 qui
1121 3459 1237 3530 litteris
1261 3464 1308 3530 ita

248 3565 456 3638 mediocriter
474 3571 569 3638 tincti
580 3583 703 3651 essent,
720 3570 806 3662 iique
821 3592 897 3636 sane
913 3593 1012 3662 quam
1031 3568 1143 3661 pauci,
1161 3565 1205 3635 nil
1226 3591 1309 3662 prae·

247 3684 298 3738 ter
313 3673 477 3743 Chronica
500 3690 661 3769 saperent.
682 3676 715 3744 Si
730 3699 843 3769 roges,
864 3673 1030 3768 quomodo
1048 3672 1226 3742 acciderit?
1242 3699 1308 3743 res·

246 3777 427 3870 pondeam,
445 3782 565 3875 partim
576 3779 813 3877 chronologia,
828 3783 880 3851 cui
896 3780 956 3850 illis
967 3779 1169 3874 temporibus
1181 3778 1308 3850 addicti

246 3907 362 3954 omncs
380 3901 504 3971 essent,
525 3888 580 3980 qui
598 3886 743 3982 legerent
760 3887 877 3975 libros,
892 3890 1013 3983 quique
1028 3885 1225 3969 scriberent,
1244 3887 1307 3954 im·

246 3990 417 4064 moderato
439 4017 568 4081 amore,
593 4018 659 4088 quo
678 4019 728 4082 se,
748 3996 892 4089 quisquis
913 3993 966 4063 ille
987 4008 1074 4081 erat,
1093 3993 1145 4061 cui
1166 3993 1311 4087 Nepotis
