2706 4770
254 340 365 389 xurut
634 316 963 387 TESTIMONIA

253 451 347 544 cujus
365 443 533 542 epistolae
525 444 653 515 mitium
670 461 737 516 est:
757 446 913 517 «Oblata
925 471 986 541 per
1000 450 1202 542 antiquarios
1220 476 1318 525 mora

254 559 322 626 scio
339 553 491 672 promissi
506 555 644 646 gratiam
663 556 906 649 exspectatione
924 569 1175 649 consumptam,
1186 559 1318 651 Probo,

254 662 305 729 vir
320 661 459 754 optime,
473 673 563 728 etc.»
545 661 732 778 »Qum
747 660 902 755 deinceps
913 659 956 728 ad
971 659 1125 730 eumdem
1136 616 1318 736 dimemml

252 765 430 837 iambicum
444 766 509 835 boc
528 766 752 859 principi0:«
735 769 853 861 «gPer
833 790 888 853 oe,
904 791 926 834 o
943 764 1067 854 libelle,
1082 768 1258 856 Sinnium,
1271 774 1316 843 Et

252 872 306 948 dic
326 871 406 941 hero
427 895 520 958 meo,
544 886 578 940 et
594 886 669 959 tuo,
688 885 791 942 etc.»
815 874 867 939 Ex
884 872 1003 966 quibus
1021 820 1201 967 inlelligere
1220 820 1314 966 libet,

251 978 341 1048 hunc
360 978 504 1046 Probum
527 1000 684 1072 magnum
703 977 898 1071 quemdam,
916 992 951 1046 et
971 976 1112 1065 clarum,
1124 993 1158 1048 et
1174 984 1315 1054 summis

251 1083 433 1153 bonoribus
452 1097 605 1152 ornatum
619 1084 728 1152 virum
746 1083 866 1170 fuisse,
879 1098 927 1171 et,
944 1084 1033 1177 quod
1053 1083 1314 1184 fortassemagis

250 1189 293 1260 ad
314 1214 384 1258 rem
400 1190 557 1283 pertinet,
568 1188 727 1259 disertum
745 1203 780 1257 et
799 1187 1016 1282 eloquentem.
1029 1191 1083 1258 Sic
1101 1192 1189 1260 enim
1205 1192 1313 1264 Auso·

250 1296 325 1365 nius
346 1296 380 1363 in
402 1293 458 1364 illo
476 1295 635 1364 dimetro:
654 1324 671 1358 u
686 1297 785 1363 Hunc
798 1293 887 1380 ὼόο,
901 1295 958 1388 qui
972 1292 1085 1389 lingua
1104 1311 1222 1390 potens
1241 1300 1312 1368 Mi-

250 1425 365 1470 norem
383 1401 533 1470 Atridam
555 1401 702 1495 praeterit
719 1399 856 1470 Orando
874 1423 1001 1493 pauca,
1023 1414 1057 1468 et
1076 1403 1224 1491 musice,
1242 1405 1313 1494 Qui

218 1600 221 1604 .
250 1506 425 1602 grandines
446 1505 597 1599 Ulyssei,
618 1521 652 1574 et
671 1504 920 1574 Mellifluentem
940 1506 1098 1593 Nestora,
1119 1510 1311 1580 Concinna·

249 1627 355 1684 torem
379 1625 413 1679 et
427 1609 590 1696 Tullium,
610 1626 697 1681 etc.»
722 1615 826 1680 Porro
847 1625 976 1697 autem,
996 1627 1118 1705 praeter
1138 1615 1187 1681 Μ.
1209 1616 1311 1686 Aure·

247 1716 328 1788 lium
340 1715 512 1787 Valerium
525 1717 672 1785 Probum
683 1718 913 1809 imperatorem
924 1769 934 1802 ,
944 1718 1001 1810 qui
1013 1719 1189 1812 imperavit
1204 1744 1309 1792 annos

247 1824 393 1917 quinque
401 1836 435 1891 et
444 1846 572 1891 menses
578 1822 992 1916 quatuor,annoaCbristo
1001 1838 1080 1893 nato
1086 1826 1308 1915 CCLXXIX,

248 1927 381 1999 Probos
406 1925 531 2023 aliquot
557 1929 706 2023 reperio,
728 1926 783 1996 lib.
809 1951 849 1997 ιιι
871 1930 1053 1997 Fastorum.
1083 1932 1126 2002 In
1151 1931 1205 2001 bis
1224 1934 1307 2004 Sem.

246 2037 425 2122 Anubem,
448 2033 614 2125 Semfil„
637 2038 833 2124 Petronium
850 2032 1000 2105 Probum
1014 2036 1057 2104 V.
1072 2038 1112 2105 C.
1135 2038 1306 2109 musuleo

245 2164 335 2212 anno
352 2166 371 2210 a
387 2157 485 2235 partu
505 2141 641 2236 virginus
658 2141 912 2229 CCCLXXIV,
925 2141 1161 2236 imperantibus
1179 2141 1227 2212 Fl.
1242 2146 1307 2216 Va·

246 2243 353 2333 lente,
379 2262 413 2314 et
439 2246 488 2316 Fl.
508 2246 761 2335 Valentiniano,
789 2245 892 2315 altero
916 2248 952 2315 in
972 2249 1122 2338 oriente,
1144 2246 1248 2318 altero
1269 2252 1306 2320 in

245 2351 414 2422 occidente
425 2378 434 2436 ;
444 2367 479 2422 et
490 2378 578 2423 anno
594 2354 866 2441 CCCLXXXII,
878 2378 973 2442 eum,
987 2378 1086 2447 quem
1100 2379 1202 2449 supra
1212 2379 1304 2426 oom-

245 2460 444 2546 memoravi,
457 2461 538 2530 See.
551 2462 726 2546 Aru'cuam,
744 2462 824 2531 Sex.
830 2459 905 2550 fib,
925 2459 1096 2548 Probum,
1109 2461 1303 2555 prefectum

243 2567 421 2659 praetorio,
442 2565 484 2634 ad
502 2590 601 2660 quem
626 2581 715 2636 extat
735 2564 791 2635 illa
812 2566 948 2635 Ausonii
978 2564 1115 2661 epistola
1132 2593 1143 2654 ;
1162 2582 1197 2636 et
1214 2591 1302 2639 anuo

242 2671 425 2756 CCCCIX,
434 2674 515 2743 Sex.
526 2675 705 2758 Aureum,
722 2670 879 2762 Sex-fil,
895 2674 975 2743 See.
994 2688 1168 2768 nepotem,
1179 2678 1301 2746 Petro·

241 2783 334 2848 m‘um
345 2776 513 2865 Probum,
527 2777 696 2850 consulem
706 2832 716 2867 ,
725 2777 977 2874 imperatoribus
991 2777 1181 2849 Theodosio
1189 2781 1302 2874 junio·

241 2908 296 2971 re,
305 2884 438 2954 Arcadii
450 2883 534 2973 filio,
546 2900 581 2954 et
591 2883 638 2954 Fl.
652 2887 800 2955 Honorio
811 2887 878 2955 Pio.
891 2887 1013 2980 Reperi
1021 2900 1056 2954 et
1067 2883 1167 2954 alium
1183 2909 1302 2980 quem·

239 2989 316 3061 dam
337 2995 499 3062 Maecium
519 2990 686 3078 Probum,
709 2991 879 3087 presidem
898 2993 1075 3086 provinciae
1102 2992 1301 3086 Hispaniae,

240 3122 338 3192 quem
360 3114 599 3169 commemorat
624 3098 807 3193 Ulpianus,
824 3096 877 3166 bb.
900 3100 1048 3167 XLVIII
1075 3097 1302 3191 digestorum,

239 3203 336 3275 titulo
357 3204 398 3273 de
415 3205 597 3276 interdictis
614 3219 647 3274 et
664 3204 829 3300 relegatis,
847 3205 898 3273 his
915 3203 1048 3274 verbis:
1072 3231 1090 3268 a
1111 3203 1176 3273 Sed
1194 3204 1298 3298 impe·

238 3324 330 3379 rator
352 3324 465 3380 noster
485 3335 561 3382 cum
588 3310 667 3381 divo
694 3326 787 3406 patre
813 3335 873 3378 suo
895 3309 972 3380 huic
999 3312 1047 3379 rei
1067 3308 1298 3404 providerunt

238 3417 356 3491 Mucio
370 3417 458 3486 euim
478 3416 604 3505 Probo,
618 3416 746 3511 praesidi
767 3417 944 3510 provinciae
965 3418 1148 3512 Hispaniae,
1174 3417 1297 3486 rescri-

238 3537 396 3618 pserunt,
408 3525 506 3594 etiam
521 3547 560 3594 ea
577 3524 747 3618 provincia
759 3521 926 3610 interdici,
938 3522 1027 3592 unde
1044 3524 1118 3618 quis
1135 3521 1299 3592 oriundus

239 3629 300 3714 sit,
313 3628 356 3696 ab
371 3654 428 3716 eo,
441 3633 496 3724 qui
509 3632 594 3725 regit
604 3654 678 3698 eam
695 3629 916 3724 pmvinciam,
929 3630 986 3699 ubi
1001 3632 1075 3725 quis
1092 3626 1296 3698 domicilium

237 3733 375 3821 habeat,
392 3748 490 3803 etc.»
515 3737 733 3806 Praetermitto
754 3734 963 3824 Probrbuos,
988 3752 1022 3806 et
1041 3734 1228 3821 Probr‘nos,
1252 3733 1297 3803 ab

237 3841 288 3918 his
300 3839 415 3911 Probis
430 3840 544 3911 leviter
554 3841 698 3912 deflexos
712 3868 751 3913 ac
763 3841 936 3913 derivatos.
951 3847 1079 3913 Horum
1092 3844 1194 3937 igitur
1207 3844 1295 3911 Pro·

235 3948 353 4025 borum
367 3949 514 4019 omnium
532 3947 660 4021 nullum
675 3950 774 4046 hujus
791 3948 865 4022 libri
878 3963 1048 4021 auctorem
1068 3973 1140 4021 esse
1158 3971 1295 4045 pertua·
