2768 5198
155 799 665 822 mwtfflmmfflmffl

227 1003 668 1111 EXCURSUS
703 1006 1155 1112 VARIORUM

659 1273 729 1342 AD

248 1586 252 1592 .
286 1505 714 1597 CORNELIUM
747 1507 1106 1597 NEPOTEM.

390 1775 997 1813 u—-neo-——q

161 1952 341 2070 Aonian
362 1991 462 2061 ducet
474 1993 502 2060 J.
523 1992 564 2059 H.
579 1987 747 2085 Schlegel‚
761 1991 855 2084 cujus
872 2014 913 2058 ex
929 1988 1228 2062 Observatrom'bus

160 2104 288 2173 criticus
303 2113 336 2166 et
353 2098 521 2167 lustoricis
539 2101 575 2166 in
595 2097 784 2168 Cornelaitm
806 2097 974 2193 Nepotem
992 2095 1150 2167 nonnulla
1166 2123 1225 2168 ex·

161 2230 352 2302 cerpemus,
362 2229 434 2299 quae
452 2201 502 2272 vel
514 2217 670 2273 notarum
682 2217 870 2272 nostrarum
886 2200 1040 2272 modulus
1057 2228 1125 2272 non
1136 2202 1226 2291 tulit,

162 2311 217 2383 vel
234 2335 345 2381 rerum
364 2312 492 2380 novitas
510 2309 675 2379 interdum
690 2310 801 2405 potius
815 2307 1043 2396 commendat,
1058 2333 1157 2403 quam
1174 2335 1226 2380 ve·

163 2421 264 2506 ritas3
288 2419 515 2513 principioque
534 2417 760 2511 vitam'ipsius
777 2417 931 2510 Nepotis,
955 2413 1013 2482 ubi
1034 2439 1102 2483 non
1125 2415 1225 2487 semel
1267 2428 1273 2437 '

163 2525 322 2596 Vossium
337 2522 477 2619 explicat
497 2536 556 2592 aut
569 2519 697 2592 refellit.
710 2521 835 2592 Prodiit
852 2519 935 2590 liber
948 2521 1004 2589 vix
1024 2535 1123 2590 notus
1136 2520 1225 2616 apud

163 2656 243 2719 nos,
260 2644 377 2725 quarta
398 2629 521 2718 forma,
540 2629 695 2717 Havniae,
720 2628 816 2724 1778
828 2653 838 2716 ;
851 2627 893 2696 de
905 2651 973 2721 quo
983 2629 1013 2695 J.
1031 2628 1069 2696 A.
1086 2627 1225 2698 Fabricii

163 2738 280 2807 notitia
298 2733 454 2805 litteraria
468 2732 678 2805 consulenda.
695 2737 774 2804 Post
792 2733 965 2821 addemus,
984 2758 1051 2827 quo
1068 2735 1226 2828 pauciora

161 2843 219 2913 hic
233 2841 475 2929 desiderentur,
488 2839 624 2911 selectas
635 2839 758 2936 aliquot
773 2841 876 2928 Bosii,
886 2843 927 2909 V.
938 2842 1114 2928 staveren,
1127 2855 1226 2935 atque

162 2948 304 3018 aliorum
317 2947 618 3017 animadversiones
627 2971 668 3014 ex
678 2949 716 3016 iis
726 3001 741 3036 ,
750 2973 823 3041 quae
836 2945 1035 3015 videbantur
1050 2969 1224 3015 excurrere

163 3054 252 3125 ultra
270 3053 352 3124 fines
369 3056 449 3149 justi
467 3054 704 3123 commentarii.
726 3035 848 3146 Incipit
866 3048 1026 3146 Schlegel.

313 3285 342 3351 I.
368 3283 424 3350 De.
446 3281 594 3352 Cornelii
609 3281 757 3376 Nepotis
775 3284 851 3349 uita
871 3294 908 3348 et
925 3283 1068 3374 scriptis.

203 3517 314 3569 Constat
325 3515 394 3568 inter
407 3535 513 3580 omnes,
534 3516 613 3569 luisse
629 3514 764 3568 Cornelium
779 3514 894 3585 Nepotem
909 3512 1064 3565 familiarem
1077 3513 1176 3584 pariter
1191 3513 1223 3568 G.

164 3594 266 3652 voterit
276 3595 372 3649 Catulli
383 3607 410 3648 et
423 3597 455 3648 T.
464 3596 605 3667 Pomponii
612 3595 709 3658 Attici,
724 3595 813 3666 itaque
824 3607 852 3647 et
863 3605 923 3646 unte
942 3593 1052 3646 Coescris
1065 3590 1223 3648 dictaturam

163 3685 191 3728 et
201 3675 252 3727 sub
261 3676 372 3746 Augusti
386 3675 536 3748 principatu
550 3675 703 3740 flonotem3
716 3674 795 3728 luisse
806 3687 940 3727 tumorem
952 3664 1132 3745 complurium
1140 3673 1225 3726 libro·

162 3773 224 3809 rum
237 3754 293 3807 sive
303 3752 336 3807 td
345 3755 492 3821 historiam,
503 3755 558 3808 sive
566 3754 599 3808 ad
609 3754 866 3826 geographiam,sive
877 3751 910 3806 ad
920 3770 976 3805 rem
985 3752 1222 3825 littermiam'spec·

162 3834 293 3899 nntium
306 3846 332 3886 et
346 3846 445 3888 tantum
459 3837 538 3888 luisse
548 3837 604 3906 ejus
617 3835 812 3899 auctoritatem,
828 3846 859 3886 ut
869 3831 925 3905 ipse
938 3832 1023 3886 Cicero
1031 3850 1085 3884 nou
1094 3830 1224 3886 dubitarit

164 3911 268 3985 ejusde
282 3914 336 3966 suis
350 3915 453 3986 scriptis
465 3914 594 3986 judicium
608 3926 746 3986 expetere,
760 3927 787 3968 et
802 3926 832 3966 ut
846 3913 995 3986 complures
1008 3912 1161 3983 posterioris
1173 3913 1223 3966 nvi

161 3993 305 4065 scriptores
322 3997 377 4064 ejus
399 3995 550 4048 testimonio
569 3995 725 4047 innituntur.
747 3992 799 4047 Sed
813 3991 848 4047 de
862 3994 917 4046 vitu
936 3994 993 4065 ejus
1004 4008 1099 4063 putum
1111 4004 1220 4046 conant.

162 4072 277 4144 Collegit
289 4074 432 4141 nonnulla,
446 4093 504 4146 quc
518 4073 585 4126 varii
595 4086 714 4127 auctores
726 4072 939 4137 subministrent,
953 4073 1085 4133 Dionrsr'us
1093 4071 1223 4127 tntum

160 4152 189 4205 in
199 4151 354 4224 prolatione
366 4152 555 4207 :deditionem
567 4171 653 4219 sunm,
662 4165 689 4205 et
700 4166 761 4225 post
776 4152 838 4207 dum
849 4152 990 4208 Gerlardut
1000 4151 1105 4205 Jecnuu
1123 4152 1223 4204 Vastus

160 4231 190 4285 in
205 4230 276 4296 libro
290 4231 320 4284 de
338 4233 467 4287 Hr'storictr
481 4235 583 4286 umis.
615 4232 712 4285 Italum
731 4230 811 4286 filim
828 4233 857 4286 in
875 4233 984 4305 regione
998 4228 1103 4285 Pedana
1115 4243 1221 4294 numm,

158 4310 244 4384 liquet
261 4329 295 4365 ex
318 4325 432 4386 utroque
453 4314 543 4367 Plinio.
574 4313 726 4366 Avunculus
745 4312 816 4366 enim
837 4308 993 4367 Cornelium
1014 4304 1134 4364 nominlt
1155 4307 1222 4362 Padi

159 4390 294 4458 ecculm
314 4393 410 4446 Plr'm'ru
431 4393 522 4465 junior
550 4390 621 4446 idem
642 4391 758 4446 insinuet
776 4392 807 4446 in
828 4392 939 4460 epi-sm
959 4408 1005 4444 sue
1023 4388 1057 4445 nd
1076 4387 1221 4452 Severum
