2768 5198
236 816 306 864 ιοο
492 790 758 859 CORNELII
791 791 1023 859 NEPOTIS

228 916 342 1013 praelio
361 917 472 1009 fugat,
495 915 614 984 mriltas
640 939 740 985 naves
765 917 881 1009 capit,
906 915 1094 1009 complures
1116 916 1286 1011 deprimit

227 1024 303 1142 Qua
318 1024 456 1090 victoria
475 1046 542 1089 non
558 1019 663 1089 solum
682 1021 838 1105 Athenae,
859 1020 916 1089 sed
934 1023 1032 1089 etiam
1052 1038 1171 1091 cuncta
1190 1026 1287 1093 Grae·

226 1132 300 1211 cia,
283 1152 395 1258 quae
413 1126 474 1195 sub
498 1126 824 1256 lacedaemoniorum
846 1125 982 1195 fuerat
973 1130 1129 1247 imperio,
1146 1127 1288 1199 liberata

226 1221 304 1304 est⁵.
327 1237 445 1303 Conon
463 1258 539 1301 cum
554 1247 647 1326 parte
664 1217 817 1301 ιιιιιιίιιιιι6
837 1233 871 1298 in
888 1234 1027 1326 patriam
1048 1235 1156 1319 venit,
1171 1260 1288 1306 muros

226 1339 353 1409 dirutos
376 1363 396 1406 a
418 1338 614 1431 Lysandro,
642 1352 798 1431 utrosque
817 1351 851 1405 et
869 1340 983 1406 Piraeei
1004 1352 1038 1407 et
1059 1340 1288 1430 Athenarum,

226 1445 419 1521 reficiendos
439 1459 555 1529 curat;
569 1445 779 1537 pecuniasque
799 1444 1033 1538 quinquaginta
1052 1443 1192 1532 talenta,
1212 1471 1289 1541 quae

225 1575 245 1619 a
266 1550 481 1620 Pharnabazo
500 1564 688 1643 acceperat,
706 1549 834 1617 civibus
853 1551 920 1618 suis
937 1549 1047 1618 donat

280 1659 322 1725 V.
344 1656 473 1725 Accidit
492 1655 590 1738 huic,
605 1654 695 1749 quod
712 1656 831 1723 ceteris
851 1654 1062 1740 mortalibus,
1082 1669 1121 1723 ut
1138 1657 1288 1728 inoonsi-

225 1762 369 1831 deratior
380 1764 413 1830 in
426 1761 568 1830 secunda
577 1759 599 1849 ¹,
609 1784 709 1855 quam
722 1761 755 1827 in
766 1759 919 1846 adversa,
932 1777 1018 1830 esset
1030 1760 1173 1830 fortuna.
1185 1766 1289 1851 Nem,

227 1866 329 1937 classe
346 1866 659 1961 Peloponnesiorum
680 1866 829 1954 devicta,
848 1891 951 1960 quum
970 1865 1077 1937 ultum
1098 1892 1134 1936 se
1150 1868 1289 1960 injurias

228 1973 368 2068 patriae²
389 1987 540 2067 putaret,
560 1971 657 2066 plura
673 1973 882 2068 concupivit,
898 1995 1000 2066 quam
1017 1972 1150 2042 efficere
1167 1977 1286 2069 potuit

227 2081 344 2174 Neque
372 2093 483 2147 tamen
504 2102 544 2146 ea
571 2102 638 2146 non
672 2080 726 2171 pia
753 2094 787 2147 et
815 2077 987 2174 probanda
1013 2079 1173 2166 fuerunt,
1194 2082 1288 2174 quod

228 2187 338 2278 potius
350 2186 464 2278 patriae
475 2198 555 2278 opes
567 2186 680 2278 sugeri
690 2236 701 2269 ,
713 2208 812 2278 quam
826 2186 935 2277 regis,
950 2183 1072 2253 maluit
1085 2188 1171 2255 Nam
1182 2211 1288 2280 quum

227 2313 383 2385 magnam
401 2291 629 2358 auctoritatem
650 2288 710 2356 sibi
732 2313 843 2383 pugna
867 2288 921 2358 illa
939 2289 1064 2379 navali,
1081 2315 1181 2386 qutun
1197 2293 1289 2387 apud

229 2396 372 2465 Cnidum
390 2395 531 2476 fecerat,
549 2396 785 2482 constituisset,
805 2420 871 2464 non
894 2394 1022 2465 solum
1013 2410 1098 2465 mter
1112 2397 1288 2485 barbaros,

229 2501 417 2571 sedetiam
409 2516 495 2571 mter
506 2525 621 2570 omnes
633 2503 769 2570 Graeerae
781 2515 947 2587 civitates
960 2500 1047 2571 clam
1057 2502 1136 2571 dare
1149 2528 1287 2598 operam

230 2609 348 2702 eoepit,
369 2623 406 2676 ut
427 2609 554 2675 Ioniam
576 2621 610 2675 et
630 2606 769 2675 AEoliam
791 2609 976 2676 restitueret
991 2593 1286 2678 ³Atlreniensibus.

215 2713 271 2781 ld
289 2737 390 2805 quum
411 2714 518 2780 minus
538 2710 710 2807 diligenter
727 2727 811 2783 esset
831 2711 989 2801 celatum,
1010 2702 1202 2784 Tiribazus⁴
1204 2717 1289 2810 ,qui

233 2816 388 2887 Sardibus
402 2831 555 2910 praeerat,
568 2820 740 2887 Cononem
759 2820 927 2906 evocavit,
941 2767 1096 2889 simulans
1115 2820 1157 2889 ad
1175 2846 1289 2916 regem

234 3001 354 3065 rioribus,
361 3003 519 3073 proiecerat.
528 3000 598 3054 Vide
604 3001 737 3055 Plutarch.
782 3001 816 3054 de
827 3021 879 3073 que
891 3003 1001 3069 Cicero,
1011 3002 1045 3057 de
1056 3004 1173 3069 Officiis,
1184 3004 1232 3057 lib.
1243 3005 1291 3071 11,

235 3081 329 3152 Agesil.
341 3080 480 3153 Magnifice
493 3079 526 3133 de
541 3100 573 3133 eo
587 3082 665 3134 sentit
677 3082 693 3133 J
696 3101 738 3134 us·
782 3100 839 3152 cap.
857 3083 901 3135 23.
915 3083 1018 3136 Bosrus.

235 3160 321 3225 tinus,
332 3161 388 3228 VI,
399 3160 424 3214 3.
821 3162 885 3215 Cae.
902 3162 937 3214 V.
957 3180 982 3216 ι.
998 3162 1197 3216 Immemor
1209 3168 1234 3213 in
1246 3183 1286 3213 se-

249 3248 252 3254 '
278 3240 421 3293 §.Liberata
427 3240 741 3293 est-Hocinitinmdthe·
782 3241 874 3302 cunda,
884 3253 934 3293 eto.
942 3241 998 3294 Nee
1005 3242 1102 3294 mirum
1114 3259 1121 3293 :
1133 3243 1246 3314 quippe,
1256 3256 1288 3295 ut

236 3319 370 3372 niensibus
384 3317 547 3373 resumendae
560 3319 698 3391 potentie,
714 3331 742 3372 et
783 3320 975 3385 aitSallustius,
986 3321 1065 3374 cuit.
1076 3321 1132 3384 xl,
1146 3318 1290 3374 «munde

237 3397 575 3452 anedemoniishabendu
585 3392 740 3452 finitum·
782 3418 824 3452 res
837 3400 993 3471 sapientium
1005 3400 1106 3453 animos
1120 3400 1236 3471 fatigent.
1252 3426 1265 3447 ·

237 3496 288 3550 que
302 3480 374 3532 velut
387 3498 448 3531 cum
466 3478 578 3551 imperio
593 3479 671 3532 etiem
687 3479 740 3531 vir·
826 3499 850 3532 s.
872 3480 977 3550 Injure'crs
994 3483 1091 3550 pooioe.
1117 3479 1238 3548 Psssive,
1256 3495 1289 3534 ut

238 3569 321 3611 tutem
349 3555 543 3629 perdidissent,
564 3558 697 3611 contemni
726 3576 741 3609 a
784 3576 851 3629 sepe
864 3559 892 3611 in
904 3558 981 3611 simili
997 3577 1079 3624 nexu,
1094 3559 1288 3631 genitivuspo·

239 3637 358 3689 finitimis
369 3655 479 3708 coepere.
494 3637 706 3703 »Jmtinus,V1‚
714 3643 740 3700 4.
784 3638 869 3702 nitur,
880 3635 908 3689 id
930 3649 984 3702 est,
1001 3638 1110 3709 injurias
1130 3657 1145 3691 s
1164 3636 1288 3693 hcedess

279 3719 305 3769 6.
322 3714 405 3767 Conon
419 3729 553 3787 comperte
570 3720 671 3768 ιιανὶιοιι.
683 3716 742 3780 Qus
784 3717 879 3768 moniis
894 3717 985 3788 patrie
996 3717 1087 3769 illatas.

237 3795 506 3862 orationeusushoc‚
515 3795 615 3848 libente
629 3795 744 3846 Pharna·
826 3796 851 3847 3.
867 3795 1005 3847 [telonium
1015 3796 1161 3848 etAEols'm
1178 3801 1287 3849 mtitue·

239 3873 318 3936 baso,
334 3872 438 3937 feeerit,
455 3874 563 3944 exponit
576 3873 741 3945 Xenophon,
785 3885 828 3926 ret.
844 3874 896 3925 Alii
914 3873 1080 3946 hooobjeotu
1104 3894 1165 3928 usos
1182 3876 1289 3942 Perses,

238 3951 283 4004 lib.
296 3952 344 4004 tv,
361 3953 542 4006 Lsunm-
555 3953 638 4005 Meum
651 3952 742 4003 dimus
783 3965 968 4029 veramentem
982 3954 1290 4026 hnjuscecriminisosn·

239 4029 422 4099 ...reficiendos
432 4050 475 4082 cru
474 4033 646 4085 at.Concessu
660 4031 741 4083 Phar·
784 4033 950 4097 ssmfuisse,
967 4053 1083 4086 remma
1098 4034 1209 4086 Conone
1223 4052 1291 4105 pro·

238 4070 330 4162 iisbazi
338 4128 475 4181 ‚quocum
488 4110 515 4161 in
531 4111 741 4202 Peloponnesum
784 4130 859 4183 spere
883 4124 1013 4183 gestarum
1038 4111 1164 4165 invidiam
1188 4131 1291 4168 memo·

238 4189 377 4260 navigans,
388 4189 543 4240 Laconicum
558 4190 683 4253 vrutorit,
700 4209 741 4242 so·
784 4190 924 4244 mntVide
938 4191 1103 4257 Diodorum,
1113 4192 1188 4258 XIV,
1198 4193 1249 4258 85,
1262 4209 1291 4246 et

237 4269 343 4340 oiosque
360 4268 531 4320 Athenienses
551 4267 579 4320 in
601 4269 741 4340 Spartanos
783 4271 924 4323 Isocratem
939 4272 968 4323 in
982 4271 1151 4343 Psnegyrico.

237 4349 409 4402 incitavit-
423 4346 519 4399 Civibus
536 4352 584 4399 suis
598 4348 681 4400 donat
719 4350 742 4401 i·
769 4355 773 4361 ’
826 4356 850 4412 4.
873 4351 1005 4404 Tiribaeus.
1020 4350 1185 4404 Pedestrium
1199 4353 1290 4422 eopia·

237 4428 306 4483 milis
317 4428 390 4482 Arati
400 4427 517 4498 Sicyonii
528 4427 669 4481 liberalius
689 4429 743 4495 uit,
784 4447 846 4481 rum
860 4429 1095 4500 prolectusffliod.
1108 4431 1189 4495 XIV,
1198 4431 1291 4485 8⁵.-
