2706 4770
346 358 415 426 DE
441 356 724 427 CORNELIO
752 357 970 429 NEPOTE.
1105 384 1191 433 xmx

147 477 266 572 qualern
287 475 492 548 locutionum
512 480 621 548 miuus
641 479 828 565 obviorum,
849 505 992 575 ususque
1010 482 1191 554 vocabulo-

149 610 207 652 mm
228 582 406 678 singularis
424 584 597 654 adornavit
613 583 735 655 clariss.
753 587 946 680 drtopoeus,
961 587 1018 656 sed
1037 588 1141 683 qualis
1157 593 1191 660 in

150 690 274 758 editione
295 688 456 783 Delphini
473 692 636 776 occurrit,
658 690 756 759 index
776 693 922 761 omnium
944 692 1190 765 vocabulorum.

152 796 267 890 losephi
284 819 421 889 quoquc
440 797 548 865 Iscani
569 820 687 890 poema
705 797 849 865 exhiberi
870 812 998 891 poterat
1014 823 1054 867 ex
1075 824 1190 869 emen·

151 900 258 970 latiore
279 916 316 969 et
336 902 514 994 integriore
538 903 672 970 Ioannis
699 903 787 970 Mori
809 902 951 972 editione
974 904 1190 991 londinensi,

148 1030 219 1077 anno
235 1003 359 1101 1675,
376 1007 408 1076 8.
422 1009 611 1076 Dresemius
629 1008 735 1094 enim,
753 1009 810 1099 qui
826 1008 891 1076 hoc
904 1033 1023 1101 poema
1042 1024 1130 1079 recte
1140 1014 1192 1080 Jo-

146 1113 368 1206 scplrolscano
380 1113 536 1198 restituit,
548 1127 581 1180 et
595 1111 730 1181 eruditis
743 1114 827 1181 notis
840 1112 1030 1201 illustravit,
1039 1119 1065 1183 F
1066 1118 1189 1185 ranoof.

151 1216 258 1303 1623,
276 1221 319 1302 4,
339 1215 436 1285 nullis
455 1216 622 1286 codicibus
636 1219 757 1301 MStis,
776 1217 832 1285 sed
850 1231 979 1287 tantum
998 1219 1101 1290 tribus
1120 1217 1191 1291 edi-

146 1324 279 1392 tionibus
297 1322 532 1391 anterioribus⁷
548 1348 626 1391 usus
644 1322 768 1407 fuerat,
780 1322 899 1416 quibus
916 1322 1051 1411 bilibri,
1068 1327 1192 1418 majore

144 1429 243 1502 adhuc
264 1430 412 1513 inscitia,
432 1452 531 1521 quam
553 1429 719 1522 proserius
739 1431 866 1513 Dares,
889 1427 1032 1497 Cornelii
1057 1433 1192 1524 Nepotis

144 1549 294 1629 tanquam
317 1535 461 1602 auctoris
490 1558 611 1603 nomen
631 1547 751 1628 gerunt
775 1533 954 1627 praefixum.
980 1536 1021 1603 In
1042 1537 1212 1607 omuibus

145 1664 214 1710 rero
234 1642 306 1709 istis
328 1638 525 1709 editionibus
546 1639 657 1708 omissi
679 1653 772 1725 sunt,
794 1654 868 1733 post
888 1639 941 1708 lib.
960 1642 977 1707 1
1005 1665 1037 1706 v.
1067 1638 1135 1726 32,
1158 1642 1193 1711 hi
1292 1675 1296 1681 ·

146 1770 270 1832 sersus,
288 1745 407 1839 quibus
421 1747 608 1813 continetur
625 1746 811 1814 encomium
825 1743 991 1833 Balduini,
1008 1749 1062 1816 cui
1076 1772 1193 1840 poema

146 1851 203 1920 hoc
224 1876 324 1920 suum
347 1876 408 1944 pro
429 1848 485 1918 illa
504 1865 688 1944 temporum
703 1874 837 1920 suorum
852 1851 1001 1920 barbaric
1016 1853 1194 1922 facundum

147 1971 358 2051 etcomptum
369 1970 485 2024 auctor
500 1955 638 2041 dicavit,
651 1957 922 2049 Archi-Episcopi
937 1959 1194 2046 Cantuariensis,

150 2064 203 2130 sub
221 2063 325 2131 finem
347 2061 480 2130 seculia
500 2077 577 2131 nato
597 2062 659 2130 Ch.
674 2061 869 2130 duodecimi.
892 2064 1015 2130 Versus
1035 2061 1105 2132 illos
1123 2067 1194 2158 pri-

151 2191 232 2254 mus,
252 2166 344 2260 quod
369 2169 488 2249 sciam,
510 2192 529 2234 e
551 2169 646 2236 Msto
666 2167 779 2237 codice
806 2166 961 2260 produxit
984 2169 1064 2235 Tan.
1091 2170 1195 2238 Faber

151 2273 281 2342 innotis
299 2272 342 2340 ad
359 2275 564 2367 longinum,
581 2299 612 2367 p.
642 2271 713 2366 169
735 2273 810 2341 edit.
834 2271 995 2366 preclarae
1017 2273 1193 2344 Tollianae:

210 2429 248 2491 ln
268 2450 441 2492 numerum
456 2429 522 2508 jam
538 2426 651 2491 crescit
667 2427 791 2510 honos,
807 2444 839 2490 te
855 2428 946 2491 tertia
965 2430 1067 2516 poscit

211 2533 334 2609 Insula,
347 2536 413 2615 jam
431 2534 577 2597 meminit
592 2533 777 2622 Wigoruia,
795 2534 907 2596 Cantia
922 2532 1030 2614 discit,

211 2639 377 2703 Romanus
395 2637 568 2702 meditatur
583 2660 676 2725 apex,
694 2655 726 2701 et
742 2640 894 2727 naufraga
910 2638 995 2701 Petri

214 2742 389 2807 Ductorem
405 2743 438 2805 in
451 2741 564 2806 mediis
582 2759 740 2829 exspectat
755 2741 870 2830 cymba
884 2743 1041 2829 procellis.

214 2848 266 2912 Tu
285 2866 392 2912 tamen
408 2847 546 2912 occiduo
561 2846 648 2937 degis
665 2864 837 2910 contentus
854 2847 944 2929 ovili,

214 2952 343 3016 Tertius
357 2976 377 3016 a
389 2953 514 3018 Thoma
525 2950 772 3036 (Cautuariensr)
781 2999 790 3032 ,
799 2951 1005 3038 Thomasque
1021 2952 1198 3032 secundus,

300 3075 333 3122 et
350 3058 429 3122 alter
624 3064 627 3069 ·

215 3166 268 3228 Sol
284 3157 407 3240 oriens,
426 3163 522 3228 rebus
539 3187 721 3245 successor,
740 3163 883 3227 moribus
901 3164 1003 3227 heres.

214 3271 349 3351 Felices,
365 3293 449 3357 quos
467 3293 533 3334 non
550 3271 648 3334 trahit
663 3270 822 3345 ambitus,
838 3286 898 3334 etc.

193 3475 220 3525 7.
241 3455 329 3508 Primo
351 3453 433 3508 editio
449 3467 488 3508 est
502 3456 536 3507 ab
553 3455 655 3509 Albano
698 3455 721 3506 si
735 3467 809 3525 pater
821 3455 876 3525 ipse
896 3456 924 3507 in
944 3456 1047 3525 prolem
1067 3453 1199 3510 redivivus

157 3535 265 3600 Torius,
278 3535 354 3588 basil.
371 3536 454 3600 1541,
469 3538 495 3598 8,
507 3553 566 3586 cum
577 3533 656 3587 Pseu·
699 3534 789 3590 oculos
803 3545 967 3586 converteret
980 3545 1033 3586 tarn
1047 3534 1200 3602 informem,

157 3612 317 3669 ‹lo-Pindari
326 3615 440 3684 epitome
449 3611 657 3678 Iliadis,Darete
699 3614 1201 3685 cognosceretplanenuuquam.·llenc

157 3695 287 3763 prosario,
300 3705 328 3746 et
340 3693 449 3746 Homeri
462 3691 544 3745 Iliade
557 3711 588 3744 ex
601 3693 657 3745 leti·
701 3704 787 3745 secuta
805 3705 844 3745 est
855 3690 937 3745 editio
959 3692 1108 3757 Heuischii‚
1122 3694 1199 3747 basil.

157 3790 188 3824 na
198 3774 298 3826 Nicolei
309 3773 392 3825 Valle
403 3785 429 3826 et
439 3773 516 3824 Viuo.
532 3771 656 3842 Obsopoei
703 3771 775 3840 1573
787 3811 794 3838 ,
807 3791 833 3840 9.
851 3772 938 3825 Altera
954 3786 1023 3826 extat
1047 3772 1079 3825 ad
1096 3773 1200 3826 Calcern

159 3855 278 3905 radone.
288 3852 357 3904 Tam
367 3864 490 3922 corrupte
501 3864 588 3903 eutem
599 3851 656 3903 vul·
699 3850 807 3903 Homeri
823 3870 904 3921 grece
917 3864 944 3903 et
957 3852 1036 3906 latine
1049 3851 1114 3904 editi
1127 3865 1153 3903 et
1169 3853 1200 3903 il·

156 3944 211 4001 με
229 3944 283 3995 est,
298 3944 408 3984 notante
425 3932 467 3983 Jo.
483 3929 613 3993 lelando,
629 3950 655 4001 p.
699 3930 802 3984 lustrati
813 3950 828 3983 a
838 3933 940 3984 Joanue
954 3930 1095 4003 Spondano
1105 3968 1113 3993 ‚
1125 3931 1201 3983 Besil.

158 4010 657 4082 ²39‚descriptoribusllritanrricis,«ut
705 4011 796 4078 1583,
817 4013 851 4074 8,
871 4024 896 4063 et
917 4013 1004 4077 1603,
1028 4009 1073 4064 lol.
1087 4009 1204 4063 Tertiam
