2768 5198
226 750 299 834 240
490 739 758 813 consumi
785 744 1018 812 uaporis

224 897 257 951 et
285 878 450 947 vicesimo.
478 879 527 944 Ut
556 879 643 944 enim
673 877 789 975 Romae
816 875 982 963 consules,
1008 876 1054 944 sic
1079 876 1281 970 Carthagine

224 985 400 1082 quotannis
421 984 522 1050 annui
542 981 610 1049 bini
627 972 738 1075 reges⁰
754 982 960 1050 creabantur.
978 984 1017 1050 ln
1036 1006 1075 1050 eo
1089 983 1283 1076 magistratu

226 1094 298 1188 pari
312 1088 478 1183 diligentia
499 1113 533 1156 se
555 1085 720 1155 Hannibal
740 1086 898 1182 praebuit,
918 1111 957 1157 ac
978 1087 1087 1157 fuerat
1109 1089 1143 1156 in
1166 1087 1282 1157 bello:

227 1219 368 1289 namque
389 1193 518 1278 effecit,
538 1218 578 1261 ex
593 1195 687 1262 novis
704 1193 917 1288 vectigalibus
938 1219 1007 1262 non
1022 1192 1128 1263 solum
1148 1208 1187 1262 ut
1199 1209 1284 1264 esset

228 1302 385 1399 pecunia,
406 1324 480 1394 quae
498 1301 656 1367 Romanis
677 1324 718 1367 ex
740 1298 862 1369 soedere
875 1299 1090 1394 penderetur,
1108 1300 1166 1369 sed
1184 1302 1284 1370 etiam

229 1422 430 1507 superesset,
456 1430 528 1499 quae
560 1407 593 1472 in
618 1406 734 1474 aerario
763 1419 987 1500 reponeretur.
1017 1405 1168 1493 Deinde,
1196 1430 1286 1474 anno

229 1528 302 1611 post
320 1527 516 1608 praeturam,
532 1513 649 1579 Marco
670 1509 827 1599 Claudio,
845 1514 949 1581 Lucio
970 1513 1071 1580 Furio
1088 1514 1197 1598 Coss,
1218 1514 1286 1580 Ro-

229 1622 318 1690 mani
343 1617 441 1712 legati
471 1617 705 1710 Carthaginem
729 1617 923 1686 venerunt⁷.
951 1621 1021 1686 Hos
1048 1614 1220 1686 Hannibal
1236 1619 1288 1686 sui

228 1723 425 1821 exposcendi
451 1725 556 1816 gratia
584 1724 698 1806 missos
728 1737 835 1810 ratus,
860 1724 1051 1817 priusquam
1074 1724 1125 1793 his
1155 1737 1293 1796 senatus

230 1816 394 1917 daretur⁸,
424 1853 542 1897 navem
568 1828 759 1896 conscendit
782 1827 887 1913 clam,
915 1843 1013 1922 atque
1035 1822 1077 1932 in,
1095 1831 1223 1923 Syriam
1246 1829 1288 1897 ad

231 1936 432 2006 Antiochum
459 1933 613 2029 profugit
639 1937 715 2008 Hac,
739 1958 774 2002 re
799 1934 907 2029 palam
939 1930 1161 2020 sacta‚''Poeni
1186 1959 1289 2024 naves

233 2045 335 2128 duas,
359 2066 431 2134 quae
452 2065 527 2108 eum
549 2038 887 2134 comprehenderent,
908 2031 934 2109 si
953 2031 1094 2134 possent
1113 2042 1290 2134 consequi,

232 2151 392 2218 miserunt
410 2171 416 2211 :
441 2145 529 2213 bona
545 2145 614 2237 ejus
631 2145 868 2239 publicarunt:
883 2146 1020 2214 domum
1035 2173 1054 2216 a
1067 2146 1290 2216 fundamentis

232 2250 458 2348 disjecerunt⁹z
479 2253 586 2345 ipsum
606 2250 738 2318 exulem
755 2251 954 2344 judicarunt.
1039 2270 1043 2278 '

286 2360 380 2427 VIII.
399 2359 443 2425 At
461 2355 734 2424 Hannibal'anno
756 2358 868 2442 tertio,
887 2373 1061 2453 postquam
1080 2358 1182 2427 domo
1209 2383 1307 2456 pro-¹

233 2467 381 2561 fugerat,
402 2465 437 2532 L.
459 2461 631 2549 Cornelio,
651 2464 780 2551 Quinto
799 2465 948 2532 Minucio
969 2467 1074 2547 Coss,
1092 2489 1168 2532 cum
1192 2466 1290 2560 quin·

233 2596 298 2666 que
319 2569 459 2638 navibus
480 2569 625 2638 Africam
647 2571 782 2638 accessit
790 2567 818 2654 ¹,
835 2571 870 2637 in
893 2568 1014 2639 finibus
1032 2572 1270 2663 Cyrenaeorum
1283 2567 1304 2656 ,’

235 2680 263 2745 si
281 2677 366 2744 forte
384 2676 671 2767 Carthaginienses
685 2674 728 2741 ad
748 2672 888 2758 bellum,
905 2676 1061 2758 ,Antiochi
1080 2701 1137 2769 spe
1158 2675 1300 2758 fiducia·-

236 2805 320 2876 que‚
335 2779 491 2847 inducere
509 2794 641 2872 posset:
661 2780 713 2847 cui
730 2780 797 2871 jam
813 2796 1019 2875 persuaserat
1026 2787 1040 2867 ’,
1060 2797 1097 2850 ut
1112 2773 1188 2850 cum
1201 2780 1304 2850 exer·'

236 2887 356 2967 citibus
372 2887 405 2952 in
423 2884 551 2952 Italiam
569 2883 841 2978 proficisceretur.
863 2890 937 2955 Huc
958 2889 1138 2982 Magonem
1159 2888 1295 2956 fratrem

117 3100 140 3115 “
239 3099 280 3150 lta
295 3095 401 3161 Livius,
414 3094 549 3158 XXXIII,
566 3097 614 3156 46.
628 3093 748 3147 lustinus
791 3093 993 3150 etiamsolebant
1002 3098 1122 3150 Romani.
1134 3097 1299 3159 Lacedaemo·

240 3174 416 3230 Hannibalem
436 3174 573 3226 consulem
591 3186 649 3226 tum
669 3173 747 3226 fuisse
791 3174 830 3226 nii
840 3175 1252 3250 quoqueleotychidispmfugi,
1263 3179 1299 3231 ei·

241 3258 293 3322 ait,
307 3255 414 3318 xxxl,
430 3272 456 3306 a.
790 3251 852 3307 dem
863 3255 969 3308 crimini
986 3245 1089 3321 affinis,
1104 3254 1214 3311 domum
1227 3259 1297 3312 exci-

283 3339 309 3389 6.
327 3335 411 3403 Reges.
423 3331 680 3402 Carthaginiensium
693 3332 748 3384 suf·
790 3331 898 3386 derunt.
917 3332 1017 3388 Herod.
1035 3337 1087 3401 Vl,
1101 3355 1148 3406 7²·

243 3416 308 3469 fetes
315 3425 404 3466 noster
415 3430 487 3483 reges
497 3411 618 3482 appellat.
625 3414 748 3465 Ceterum
838 3412 903 3466 Car.
915 3414 992 3467 Vlll.
1020 3433 1043 3469 r.
1060 3417 1172 3482 African
1189 3421 1296 3470 «coasts

244 3489 746 3564 ininterpretandarocePunicasnffis‚
791 3492 1296 3568 Livius,XXXIV‚61‚in.;etllppiari.

241 3590 338 3646 parum
357 3572 428 3643 ipsos
446 3571 496 3622 sibi
516 3570 662 3623 constitisse
676 3584 748 3622 rete·
791 3569 826 3624 de
836 3557 915 3624 rebus
922 3571 1083 3642 Syriacis,c.
1097 3576 1181 3639 8,in.,
1192 3587 1296 3629 tanturn

244 3662 414 3722 resapparet.
507 3656 528 3675 ·‘
793 3650 865 3703 abest
885 3663 915 3703 ut
933 3652 960 3703 in
982 3653 1032 3706 hac
1045 3653 1205 3715 narrationis
1223 3667 1298 3726 parre

286 3751 312 3802 7.
334 3731 421 3799 Legati
437 3726 607 3796 Carthaginem
625 3741 749 3782 aerarum.
793 3731 982 3802 assentiantur,
997 3744 1028 3785 ut
1040 3732 1182 3787 nelitteraa
1189 3732 1298 3805 quidem

244 3808 316 3862 Vide
324 3807 444 3870 Livium,
462 3806 479 3858 J
481 3806 597 3859 ustinum
611 3818 637 3858 et
652 3808 762 3878 Appiae
793 3809 843 3877 bac
858 3808 891 3862 de
905 3828 981 3863 causa
1000 3813 1114 3865 scribere
1128 3832 1190 3866 euru
1207 3831 1299 3867 ausum

245 3908 324 3953 num,
340 3885 462 3957 Syriacis.
793 3887 1148 3953 affirmenmseddristonem
1157 3891 1300 3964 quemdam

288 3971 313 4021 8.
331 3967 473 4037 Priusquam
484 3963 521 4015 liis
535 3974 629 4015 unctas
644 3963 750 4018 dantia
794 3967 1185 4042 cumnrnndntisCarthaginem
1193 3973 1299 4027 misisse.

212 4070 217 4083 =
246 4045 341 4101 Aditus
355 4042 388 4096 ad
399 4054 526 4095 senatum.
544 4043 584 4094 lta
601 4041 750 4097 Sallustius:
794 4047 870 4101 Alios
882 4049 963 4119 igitur
975 4050 1074 4111 fontes,
1091 4051 1172 4104 bodie
1183 4052 1301 4124 incogni-

250 4154 262 4174 .
277 4125 327 4178 Die
339 4122 498 4202 constituto,
517 4134 620 4175 senatus
635 4123 752 4195 utrisque
796 4138 849 4192 tos,
867 4126 960 4180 adiisse
972 4142 1001 4191 et
1015 4128 1166 4184 adhibuisse
1181 4131 1301 4196 videtur,

244 4204 353 4260 datur..
369 4199 581 4271 inguinum.
796 4205 825 4258 ni
840 4207 965 4278 Magones
984 4208 1097 4261 mIscuit.
1115 4211 1177 4264 Τις.
1196 4242 1237 4254 -
1256 4212 1304 4266 Cui·

288 4303 314 4354 9,
335 4282 438 4334 minum
451 4299 467 4330 a
475 4279 640 4345 fundamentis
654 4282 752 4352 dbjeee-
791 4287 845 4354 jara
853 4300 1022 4356 persuaserat,
1040 4300 1068 4340 ut
1078 4307 1130 4340 eum
1146 4292 1300 4354 exercitibus,

249 4377 314 4420 mat.
331 4362 468 4432 Tanquam
483 4361 623 4430 majestatis
637 4362 676 4414 rei
693 4379 700 4412 ε
716 4363 753 4416 ita
796 4377 845 4417 etc.
861 4364 936 4418 Idem
951 4378 1060 4421 testatur
1072 4369 1139 4421 Just.
1156 4369 1302 4437 XXXM.
