2768 5198
223 781 296 827 aoo
485 754 750 823 CORNELII
777 754 1007 822 NEPOTIS

221 883 408 957 evenisset!
437 888 566 978 inquit,
594 885 651 954 sed
677 909 717 954 eo
738 909 805 953 non
831 885 967 970 accidit,
990 883 1078 978 quod
1109 908 1278 977 nunquam

222 1018 299 1065 curu
328 992 462 1062 fortiore
487 1017 559 1059 sum
581 1015 784 1085 congressus.
807 993 884 1059 Non
904 993 990 1059 enim
1013 1015 1089 1058 cum
1111 1014 1279 1084 quoquam

222 1123 314 1168 arma
336 1096 477 1182 contuli,
497 1099 577 1190 quin
599 1099 627 1165 is
647 1098 728 1166 mihi
752 1098 987 1167 succubuerit:
1010 1121 1078 1165 non
1104 1099 1194 1165 enim
1212 1099 1278 1166 vir·

222 1219 292 1274 tute.
314 1205 475 1291 hostium,
491 1202 547 1271 sed
569 1205 752 1302 amicorum
773 1202 908 1298 perfidia
926 1202 1034 1271 decidi
1042 1187 1089 1268 ⁵.»
1110 1205 1228 1296 Neque
1247 1205 1280 1272 id

221 1309 363 1379 falsum:
381 1336 458 1378 nam
477 1324 510 1378 et
529 1297 708 1403 dignitate⁶
730 1310 792 1379 fuit
808 1309 964 1392 honesta,
985 1322 1019 1376 et
1030 1309 1155 1377 viribus
1173 1309 1216 1377 ad
1235 1308 1279 1378 la-

221 1415 336 1485 borem
353 1416 525 1485 serendum
540 1415 657 1502 firmis,
670 1440 778 1511 neque
792 1430 860 1484 tam
873 1440 994 1509 magno
1008 1439 1166 1508 corpore,
1179 1439 1280 1510 quarn

222 1521 327 1616 figura
348 1537 496 1590 venusta.

243 1668 247 1677 ·
273 1630 351 1697 XII.
371 1631 424 1697 De
445 1628 510 1697 hoc
535 1629 844 1722 Antigonusquum
866 1625 953 1696 solus
982 1628 1182 1695 constituere
1212 1652 1280 1695 non

222 1733 374 1820 auderet,
390 1734 433 1802 ad
450 1732 642 1803 consilium¹
663 1732 781 1801 retulit.
803 1735 889 1814 Hic,
907 1757 1009 1825 quum
1036 1730 1183 1825 plerique
1208 1758 1279 1801 om-

222 1837 313 1908 nes'
339 1842 448 1934 primo
479 1840 660 1934 perturbati
690 1837 954 1924 admirarentur,
979 1863 1047 1906 non
1072 1838 1142 1929 jam
1169 1838 1211 1906 de
1240 1864 1281 1907 eo

222 1960 390 2039 sumptum
410 1971 479 2015 esse
496 1944 712 2038 supplicium,
733 1969 750 2013 a
770 1969 836 2038 quo
862 1958 912 2013 tot
936 1969 1042 2013 annos
1063 1943 1146 2012 adeo
1169 1959 1279 2012 essent

222 2051 308 2120 male
329 2051 449 2129 habiti,
470 2066 508 2119 ut
531 2073 619 2144 saepe
638 2051 681 2120 ad
707 2050 971 2145 desperationem
994 2050 1103 2119 forent
1124 2048 1281 2133 adducti,

222 2158 343 2250 quiquo
364 2158 523 2225 maximos
544 2157 644 2225 duces
666 2155 899 2242 interfecisset3
920 2156 1059 2251 denique
1077 2158 1111 2224 in
1129 2181 1196 2249 quo
1214 2181 1283 2224 uno

223 2277 308 2331 esset
328 2277 473 2349 tantum,
487 2276 539 2348 ut,
557 2262 667 2356 quoad
687 2261 740 2330 ille
760 2265 901 2346 vireret,
918 2265 980 2356 ipsi
1002 2264 1108 2331 securi
1126 2287 1197 2330 esse
1215 2287 1282 2330 non

224 2382 371 2460 possent,
390 2369 564 2437 interfecto
586 2367 667 2437 nihil
688 2368 839 2437 *habituri
860 2370 982 2463 negotii
1005 2383 1135 2450 essent;
1154 2383 1282 2463 postre-

224 2499 295 2560 mo,
319 2476 345 2541 si
366 2473 412 2541 illi
439 2475 591 2544 redderet
618 2473 771 2560 salutem,
797 2476 1005 2567 querebant,
1023 2473 1142 2567 quibus
1169 2477 1284 2545 amicis

224 2594 310 2648 esset
330 2579 473 2649 usurus?
489 2606 558 2650 sese
576 2582 663 2649 euim
683 2606 757 2648 cum
777 2583 925 2648 Eumene
943 2579 1031 2674 apud
1050 2604 1125 2649 eum
1145 2605 1211 2649 non
1231 2581 1282 2649 fu·

225 2698 326 2753 turos.
353 2687 436 2771 Hic,
457 2688 589 2780 cognita
610 2685 737 2754 consilii
763 2685 954 2771 voluntate,
980 2702 1091 2755 tamen
1111 2711 1215 2780 usque
1241 2686 1283 2754 ad

225 2793 400 2883 septimum
423 2792 509 2859 diem
533 2790 734 2861 deliberandi
763 2792 822 2859 sibi
851 2795 992 2885 spatium
1023 2791 1162 2886 reliquit„
1195 2793 1282 2859 Tum

225 2910 351 2982 autem,
377 2922 479 2990 quum
499 2899 566 2991 jam
596 2912 782 2980 vereretur,
814 2923 855 2966 ne
883 2923 949 2991 qua
979 2897 1094 2967 seditio
1122 2899 1285 2966 exercitus

225 3003 382 3089 oriretur,
395 3005 499 3071 vetnit
519 3004 560 3071 ad
574 3029 656 3095 ¹eum
678 3028 876 3097 quemquam
901 3005 1047 3085 admitti,
1064 3018 1098 3072 et
1117 3002 1286 3096 quotidia-

226 3112 305 3176 irum
326 3111 450 3178 victum
470 3111 617 3180 amoveri
632 3110 738 3201 jussit.
757 3112 843 3179 Nam
865 3110 1007 3205 negabat
1017 3095 1042 3194 ³,
1056 3135 1090 3179 sc
1110 3111 1224 3178 civim
1238 3109 1286 3178 al-

267 3290 296 3345 5.
309 3292 359 3345 Sed
372 3296 499 3344 anriconm
519 3291 622 3362 pepldi'a
647 3293 732 3344 decidi.
779 3293 843 3345 tulr'r.
866 3293 987 3355 Referre,
1004 3291 1115 3344 verbum
1138 3291 1166 3343 in
1188 3291 1239 3345 hac
1257 3311 1287 3344 re

228 3369 260 3423 ld
267 3370 360 3435 ert,de
369 3391 427 3427 mea
434 3371 660 3442 fortunadejectus
667 3391 733 3424 sum.
778 3372 901 3424 solemne.
919 3369 998 3423 Unde
1010 3371 1116 3442 gallice,
1127 3372 1224 3438 elsim.

229 3450 318 3505 Decide·
342 3465 428 3506 eutem
455 3449 590 3522 dignitatis
616 3452 733 3522 plenum.
796 3472 799 3478 ·
820 3471 845 3504 a.
866 3452 977 3522 Plerique
998 3470 1085 3502 omnes.
1105 3450 1168 3503 Non
1195 3470 1288 3505 omnes

230 3529 330 3585 Confer
343 3530 376 3584 ad
392 3532 694 3596 Pluterohmn,XVIll.
778 3549 840 3601 ergo
868 3549 875 3583 :
903 3549 964 3583 nam
985 3531 1132 3583 Eumenem
1151 3543 1288 3583 servatum

268 3614 296 3664 6.
312 3611 396 3682 Neque
410 3611 438 3661 r'd
441 3611 546 3677 salsum:
557 3630 611 3663 nam
623 3624 649 3666 et
656 3610 735 3679 digni·
777 3611 919 3682 cupiebant
932 3611 1067 3662 Nearchus
1081 3621 1107 3661 et
1121 3610 1289 3677 Demetrius,

228 3700 294 3766 ule,
316 3703 364 3744 etc.
388 3689 450 3743 Haec
476 3691 568 3742 ultima
591 3691 685 3753 rerba,
699 3691 735 3741 ait
777 3689 859 3760 ipsius
881 3690 1006 3760 Antigoni
1029 3690 1113 3756 filius,
1135 3702 1200 3742 teate
1221 3689 1288 3741 Plu·

227 3766 396 3833 Tzschuclre,
407 3788 468 3821 oum
483 3769 611 3840 proximis
625 3787 679 3821 non
693 3787 735 3820 oo-
778 3769 991 3833 tarcho,XVlII.
1000 3771 1112 3840 Plerique
1125 3787 1213 3820 om.
1224 3767 1289 3822 Hel-

228 3844 350 3911 horent3
366 3867 431 3911 nec,
445 3849 465 3900 si
489 3868 544 3899 nom
567 3848 734 3911 transitioni,
777 3848 902 3902 lenismus
926 3849 960 3900 ab
978 3849 1089 3913 Atticis,
1111 3849 1157 3919 qui
1177 3849 1287 3908 πλείονι(

229 3924 268 3977 uti
283 3926 379 3996 passim
401 3929 428 3979 in
446 3927 593 3991 Cicerone,
609 3927 734 3979 inservire
777 3928 869 3988 πάντες
889 3940 1026 3998 usurpant.
1035 3927 1202 3979 -Mam'mos
1214 3927 1287 3978 duces

228 4003 356 4066 volueris,
371 4006 423 4059 huc
440 4007 536 4059 valent.
552 4036 593 4048 -—
609 4007 735 4074 Dr'gm'tare
778 4010 938 4073 interfecisset.
947 4007 1085 4060 Craterum
1094 4007 1175 4059 scilic.
1184 4018 1210 4058 et
1217 4007 1288 4059 Neo-

223 4084 287 4147 fuir,
302 4097 351 4137 etc.
370 4083 402 4136 Id
420 4087 576 4149 eudemo
590 4102 669 4155 supra
679 4086 736 4136 vul·
777 4085 1004 4156 prolemum.Vide
1013 4106 1091 4158 supra
1098 4086 1234 4138 1V.-1»
1241 4106 1289 4159 quo

190 4228 192 4233 Ι
229 4180 318 4234 geren
330 4177 459 4233 augusta,
472 4165 568 4216 robore
590 4163 622 4216 ad
643 4164 734 4234 latigo·
778 4185 825 4218 uno
841 4180 901 4218 esset
916 4178 1016 4219 tontum.
1029 4167 1082 4231 Qui
1098 4180 1168 4218 unus
1183 4177 1287 4218 tautum

229 4243 314 4299 tiones
327 4242 492 4296 sustinendas
503 4243 629 4310 firmn,et
638 4243 734 4297 -habitu
778 4259 873 4316 possm.
883 4246 1036 4314 -Negorir',
1049 4245 1185 4299 Molestin.

230 4341 285 4376 uon
295 4337 348 4396 tem
356 4341 558 4394 ·magno,quam
568 4325 732 4394 congruenti.
819 4325 845 4379 3.
855 4327 921 4379 Nam
933 4325 1090 4394 regulando,
1100 4337 1149 4377 etc.
1157 4324 1240 4389 Quasi
1248 4324 1289 4376 vis

269 4404 333 4461 Cre.
350 4403 413 4457 ΧΠ.
439 4422 464 4457 ι.
489 4404 535 4457 Aa
557 4404 678 4457 consilium
696 4424 733 4465 re-
777 4402 1287 4471 nonessetinedialrominemexlruurire.
