2706 4770
151 359 226 434 330
315 360 543 430 JOANNIS
569 360 727 430 HENR.
756 360 1043 431 SCHLEGEL

151 509 176 542 e.
189 508 215 560 g.
230 486 309 542 editio
322 490 431 542 Bo'siam
445 501 472 541 et
491 501 605 560 quatuor
619 489 683 552 ille,
698 506 757 559 qun
772 506 828 540 eam
843 501 1008 560 sequuntur,
1025 486 1120 540 Thrae
1130 487 1198 552 11,s,

150 568 410 629 Actoeorum,·habent
422 566 536 634 easdem,
550 581 658 640 excepta
668 567 982 639 Heusingeriana,Alcih.
998 567 1047 625 tv,
1066 569 1095 631 3,
1109 568 1198 620 Trissa

150 666 165 700 a
179 648 273 701 Graeco
285 649 376 718 τράφη.
397 649 530 719 legerunt
551 661 612 702 ante
629 648 737 701 Boaium
754 647 883 701 editiones
900 649 1009 719 optimu
1028 647 1072 700 hia
1087 649 1116 700 in
1133 647 1197 709 toda,

150 728 286 779 Atticomm
298 740 325 780 et
341 732 469 788 triremem,
485 747 545 800 qno
556 729 636 781 verba
649 725 719 781 idem
732 727 892 799 significant,
908 726 1049 798 multoque
1059 728 1140 798 magia
1151 727 1197 779 αἱ

149 819 176 859 et
196 807 233 858 rei
257 809 305 877 ipsi
327 806 496 878 respondent.
517 807 684 861 Confirmant
704 807 751 860 has
770 807 893 860 lectiones
911 803 996 858 editio
1015 806 1196 878 prhaoepa,et,

149 896 244 956 preter
259 886 339 951 alios,
355 885 439 939 codex
456 887 621 940 Thottianus.
642 887 708 952 Quia
726 904 781 938 non
800 885 902 946 credat,
924 887 961 938 ita
974 887 1111 958 scripsisse
1125 885 1196 959 ipre·

149 965 317 1029 Cornelium,
333 978 360 1017 et
374 967 583 1020 immutationem
597 984 735 1039 perperam
756 984 770 1017 a
784 966 862 1019 Boaio
873 983 929 1019 ease
943 965 1062 1018 factam?

189 1044 238 1096 IV.
260 1045 424 1098 Lectitahant
439 1058 541 1099 veteres
554 1046 656 1112 Greci,
670 1058 697 1099 et
709 1046 796 1097 latim
810 1045 888 1098 etiam
902 1043 1048 1108 doctiores,
1065 1045 1195 1109 Hm,

149 1141 179 1175 ea
195 1120 342 1194 diligentia,
358 1138 388 1178 nt
400 1125 526 1178 memoria
541 1145 616 1197 pane
630 1137 750 1178 tenerent
764 1125 919 1177 immortalia
934 1125 992 1195 ejus
1002 1138 1133 1196 poemata.
1146 1120 1197 1175 idea

148 1221 202 1255 non
224 1204 337 1269 mirum,
357 1206 378 1257 si
399 1224 461 1257 eum
479 1206 587 1259 citantes
606 1202 764 1277 quandoque
787 1204 814 1256 in
828 1204 928 1257 voculis
943 1216 990 1256 aut
1007 1206 1090 1257 rebus
1105 1202 1196 1256 minutis

149 1294 280 1335 errarunt.
313 1283 417 1337 Accidit
438 1283 466 1336 id
486 1284 583 1356 Nepoti
605 1286 632 1336 in
657 1285 711 1336 vita
733 1284 863 1341 naumis,
884 1282 930 1337 uhi
949 1283 1063 1356 Thyum
1084 1293 1197 1336 memorat

149 1373 242 1414 natum
257 1364 365 1434 antiquo
380 1382 475 1435 genere
493 1365 587 1417 abillo
608 1365 759 1433 Pylaemene,
779 1381 858 1434 quem
875 1363 1011 1416 Homerus
1022 1364 1122 1416 Troico
1142 1360 1198 1415 heus

149 1459 165 1493 a
177 1441 292 1493 Patroclo
312 1444 479 1495 interfectum
495 1444 539 1496 ait.
556 1444 679 1514 Respexit
692 1441 726 1497 ad
739 1442 817 1496 Iliad.
837 1443 942 1512 1.V,v.
958 1442 1017 1512 576
1029 1474 1071 1485 —
1081 1442 1145 1512 579.
1166 1439 1200 1493 ui

148 1534 311 1574 memoratur
319 1522 480 1593 Pylnmenea
487 1523 684 1594 Paphlagonum
694 1524 840 1593 μεγαθύμων
851 1523 981 1582 domerias
990 1524 1126 1594 princepe,
1133 1522 1197 1573 iattt·

149 1600 232 1652 iectus
248 1619 262 1652 a
276 1601 411 1667 Menelao,
438 1621 492 1654 non
508 1621 522 1655 a
536 1603 673 1669 Patroclo,
692 1603 740 1674 qui
762 1616 819 1654 tum
839 1601 947 1655 Achillia
969 1619 1062 1655 comes
1079 1614 1107 1654 et
1119 1615 1196 1672 W

150 1697 242 1750 expers
254 1692 318 1732 erat.
331 1681 391 1733 Non
408 1682 501 1735 let'ellit
509 1682 663 1735 Cornelium
675 1682 817 1746 memoria,
832 1681 860 1733 in
874 1682 904 1734 iia
917 1697 977 1752 que
988 1682 1106 1734 maxime
1114 1678 1197 1733 adra·

148 1757 330 1811 illustrandam
343 1760 480 1813 iaciebant.
501 1763 541 1814 De
551 1762 631 1834 ssya
641 1761 839 1833 Paphlagonum
850 1762 970 1832 principe
981 1760 1111 1833 loquens,
1122 1757 1199 1814 meni·

150 1838 200 1898 nit,
215 1856 246 1890 ex
257 1838 375 1891 Homero
390 1842 558 1910 comprobari
571 1859 663 1912 posse,
677 1843 730 1911 jam
742 1841 806 1894 olim
820 1840 1004 1911 Paphlagones
1018 1841 1074 1893 suis
1087 1858 1147 1893 moa
1157 1855 1200 1892 eat

149 1916 315 1988 principibus
331 1936 377 1970 seu
396 1917 527 1990 dynastis,
552 1933 578 1973 et
593 1921 768 1992 Pylnmenem
783 1920 902 1992 generis,
918 1938 950 1972 ex
965 1939 1024 1991 quo
1035 1921 1200 1991 'l'hyuaortu

148 2007 218 2060 erat,
239 2009 373 2050 auctorem
389 1999 536 2052 interfuisse
555 2001 625 2052 hello
641 2001 767 2072 Trojano.
786 2000 850 2053 Hoc
863 2011 944 2052 recte.
965 2000 1067 2052 Parum
1092 2001 1199 2053 intererat

149 2093 181 2126 eo
195 2076 254 2129 looo
269 2077 349 2142 scire,
365 2097 380 2129 a
395 2097 449 2150 quo
459 2079 620 2150 Pyloemenm
634 2080 787 2133 interfectus
799 2077 916 2144 dicatur,
935 2090 962 2131 et
975 2079 1006 2132 in
1018 2098 1053 2131 eo
1068 2079 1170 2132 enavit

189 2156 302 2208 Protulit
313 2157 485 2211 Homericum
499 2178 604 2212 versum
619 2160 698 2222 Dion,
717 2160 755 2212 ira
770 2161 798 2212 in
813 2160 1021 2212 obtrectatorem
1040 2177 1118 2211 sunm
1130 2158 1201 2211 ller-

149 2232 243 2286 clidem
259 2249 395 2305 permotus
413 2256 420 2289 :
442 2238 503 2290 Non
524 2258 600 2310 posse
617 2240 685 2292 bene
700 2240 755 2311 geri
777 2257 833 2292 rem
851 2238 986 2310 publicam
1002 2239 1147 2293 multorum
1160 2238 1201 2289 iu·

148 2313 235 2381 petiis.
260 2314 307 2365 Est
321 2315 365 2366 ille
380 2314 455 2369 Iliad.
470 2319 512 2378 ll,
533 2325 605 2382 204:

269 2428 322 2478 ota
337 2428 426 2497 ἀγαθὸν
442 2432 619 2501 πολυκοιρανίη·
636 2425 669 2494 sle
685 2433 791 2504 κοίρανος
807 2435 872 2497 leo,

268 2498 309 2568 El,
326 2508 449 2572 βασιλιὺς.

149 2630 217 2682 Sunt
231 2630 288 2682 hac
307 2633 387 2683 verba
402 2633 518 2703 Ulyssis,
543 2634 589 2703 qui
608 2633 715 2687 Grecos
727 2635 782 2704 jam
802 2629 944 2685 discessum
963 2651 979 2684 a
993 2632 1077 2703 Troja
1092 2642 1192 2705 paranta

87 2727 91 2736 ·
149 2722 265 2776 coercet,
287 2724 313 2762 et
335 2730 435 2764 morem
451 2731 541 2782 gerere
561 2714 636 2782 jubet
651 2714 854 2784 Agamemnoni,
872 2729 955 2782 penes
967 2729 1050 2783 quem
1072 2713 1156 2765 adum
1166 2709 1193 2764 d

148 2788 223 2842 heret
238 2807 293 2841 csse
308 2809 411 2843 summa
427 2792 538 2862 imperii.
560 2793 664 2846 Citatur
677 2811 768 2845 versus
783 2792 829 2844 ille
843 2810 858 2845 a
874 2791 982 2863 Nepote
996 2792 1040 2845 his
1050 2789 1193 2855 rerhis,lt

149 2869 251 2919 securrda
268 2870 395 2939 rhapsodm
411 2871 523 2930 Homeri,
553 2890 607 2923 non
627 2870 729 2943 adjecto
743 2869 839 2924 Iliados
857 2872 973 2924 nomine.
1003 2870 1136 2925 Conclndi
1150 2864 1193 2923 iit

149 2949 253 3017 possit,
273 2947 383 3001 iliadem
405 2948 529 3022 Odyssea
553 2952 692 3004 antelatam
713 2962 772 3004 eta
796 2951 922 3003 Romania
951 2950 1073 3004 Cornelii
1096 2962 1192 3023 tempo

149 3027 312 3095 potissimum
327 3029 469 3082 lectitatam
482 3048 545 3083 ease.

188 3105 225 3157 V.
245 3106 373 3176 suspicati
392 3122 454 3161 sunt
467 3111 545 3180 primi
565 3122 591 3163 et
606 3109 774 3162 eruditissimi
791 3110 860 3162 inter
875 3109 956 3181 hujus
974 3109 1039 3163 libri
1054 3120 1193 3163 comma*

149 3194 234 3248 torea,
255 3185 411 3256 Longolius,
430 3189 549 3258 Magius,
563 3190 724 3254 Lambinus,
748 3207 846 3242 errasse
858 3207 1055 3260 nonnunquam
1067 3203 1194 3247 anama,

148 3260 229 3313 libros
247 3263 372 3330 Grecos,
393 3268 489 3337 quihus
503 3271 641 3330 utebatur,
661 3269 749 3321 minus
766 3279 866 3321 attente
882 3269 1026 3339 legentem.
1045 3269 1193 3323 Narratart·

149 3356 174 3408 g.
191 3339 319 3394 Phocion.
333 3345 369 3406 V,
384 3346 399 3398 3
423 3365 429 3399 :
460 3346 529 3399 ·Hic
549 3367 633 3418 quum
648 3346 682 3400 ad
696 3359 810 3400 mortem
827 3345 983 3413 duceretur,
1007 3350 1105 3402 ohrins
1123 3342 1193 3402 eit-'t

152 3440 164 3461 ·
176 3417 346 3490 Euphrletum
356 3442 410 3493 quo
424 3426 585 3479 familiariter
599 3428 684 3480 fuerat
698 3444 768 3479 usus.
779 3453 790 3473 ι
806 3427 934 3479 Nesciunt
944 3427 998 3479 tale
1009 3448 1111 3482 nomen
1123 3440 1194 3481 tmu-

147 3506 235 3546 menta
249 3497 354 3565 Graca,
365 3515 392 3554 et
403 3518 540 3558 contextus
553 3521 657 3570 monet,
672 3503 864 3559 nominandum
873 3506 919 3559 hic
930 3506 1013 3560 fuisse
1022 3519 1069 3561 aut
1081 3508 1193 3561 ummo

147 3572 279 3627 historicis
294 3596 348 3631 non
364 3581 496 3650 ignotum,
513 3598 557 3637 aut
572 3588 659 3656 potius
674 3586 702 3638 in
716 3604 811 3657 genere
824 3585 939 3639 amicum
948 3585 1105 3657 quemdam.
1120 3582 1193 3659 (ltu⁰

147 3652 235 3721 itaque
249 3666 306 3721 est,
320 3663 478 3713 convertisse
500 3664 654 3717 Cornelium
668 3682 746 3718 voces
760 3665 866 3718 Groecas
884 3667 988 3736 ippotae
1004 3687 1056 3729 τις,
1073 3666 1104 3720 id
1122 3676 1192 3725 ωδ

148 3748 222 3783 more
238 3733 453 3798 Atheniensium,
472 3742 564 3792 tribulis
578 3745 688 3814 quatiam,
709 3762 763 3815 quo
778 3745 943 3798 familiariter
961 3764 1028 3799 usus
1046 3743 1190 3800 tuenzht·

147 3810 223 3870 cion,
244 3812 271 3862 in
284 3831 382 3867 nomen
400 3817 501 3871 homiui
519 3825 666 3892 proprium.
686 3825 728 3876 Ita
741 3825 841 3877 lactum
856 3842 912 3877 ease
932 3823 1031 3891 credo;
1052 3844 1105 3879 nec
1122 3820 1191 3876 *ἰὼν

146 3906 195 3941 cur
208 3902 344 3963 tantopere
365 3913 392 3946 se
413 3907 553 3968 torqueant
571 3901 641 3955 inter
659 3904 818 3957 recentiores
836 3904 977 3971 nonnulli,
1005 3907 1092 3959 levem
1112 3904 1189 3957 tuin·

147 3966 273 4023 Cornelio
289 3973 395 4044 culpam
415 3995 537 4032 amovere
554 3983 698 4053 cupienter.
718 3984 824 4039 Erroria
840 3984 997 4040 Cornelium
1010 3982 1158 4057 quibusdan
1171 3978 1189 4027 5¹
