2768 5198
166 757 236 830 168
426 761 701 830 CORNELII
729 761 961 830 NEPOTIS

159 925 251 969 mum
273 901 501 995 magistratum
520 900 643 969 Thebis
668 899 866 970 obtinebat:
890 901 924 968 in
950 923 1016 994 qua
1040 900 1152 968 omnia
1179 899 1221 970 de

160 1005 365 1103 proiectione
380 1006 511 1075 exulum
532 1008 712 1103 perscripta
729 1021 832 1076 erant.
853 1007 937 1095 Quae
954 1031 1057 1106 quum
1074 1005 1144 1099 jam
1162 1029 1222 1076 ac·

160 1112 294 1182 cubanti
323 1115 357 1181 in
384 1114 538 1181 convivio
565 1128 651 1182 esset
672 1112 767 1200 data,
790 1115 873 1183 sicut
898 1126 970 1181 erat
990 1114 1139 1206 signata,
1160 1111 1222 1182 sub

159 1204 354 1314 pulvinum³
376 1220 571 1311 subjiciens:
595 1248 613 1284 α
626 1221 666 1288 In
684 1223 878 1305 crastinum,
893 1219 1017 1314 inquit,
1031 1217 1151 1287 differo
1170 1242 1223 1288 res

160 1348 325 1395 severas.»
337 1327 382 1393 At
396 1324 441 1393 illi
458 1349 702 1420 omues,quum
713 1326 782 1419 jain
799 1350 864 1394 nox
880 1312 1223 1420 processisset⁴,vino·

159 1428 239 1500 lenti
264 1432 306 1499 ab
330 1430 494 1517 exulibuS,
507 1431 592 1501 duce
610 1430 784 1527 Pelopida,
799 1446 876 1500 sunt
895 1430 1067 1500 interfecti.
1091 1431 1224 1519 Quibus

160 1537 260 1608 rebus
290 1537 469 1623 confectis,
488 1537 588 1632 vulgo
618 1539 660 1607 ad
689 1537 1054 1631 armalibertatemque
1082 1551 1223 1625 vocato,

161 1659 230 1713 uon
248 1645 353 1712 solum
371 1647 427 1739 qui
448 1646 482 1712 in
499 1644 581 1712 urbe
599 1659 709 1731 erant,
727 1644 897 1714 sedetiam
917 1644 1062 1737 undique
1078 1667 1120 1711 ex
1135 1645 1224 1737 agris

162 1765 420 1836 concurrerunt,
434 1751 620 1844 praesidium
637 1750 961 1823 Lacedaemoniorum
975 1773 1016 1818 ex
1032 1773 1108 1818 arce
1121 1773 1224 1843 pepu-

162 1853 289 1940 lerunt,
303 1859 441 1950 patriam
457 1855 626 1925 obsidione
637 1841 890 1941 liberaverunt⁵,
902 1870 1054 1924 auctores
1067 1856 1224 1925 Cadmeae

161 1962 364 2056 occupandae
375 1965 493 2057 partim
508 1963 713 2048 occiderunt,
723 1965 842 2058 partini
855 1960 1032 2031 inexilium
1044 1963 1222 2056 ejecerunt.

214 2070 274 2136 lv.
295 2071 369 2135 Hoc
382 2083 450 2137 tam
465 2068 598 2141 turbido
613 2084 783 2165 tempore,
799 2071 885 2138 sicut
899 2066 1017 2163 supra¹
1031 2066 1223 2156 docuimus,

161 2173 425 2267 Epaminondas,
448 2174 557 2269 quoad
580 2199 656 2244 curn
681 2174 808 2244 civibus
829 2174 1019 2243 dimicatum
1040 2189 1110 2262 est,
1132 2173 1223 2243 domi

162 2281 290 2377 quietus
306 2279 376 2349 fuit.
392 2283 507 2374 ltaque
521 2281 592 2351 haec
605 2279 868 2351 liberandarum*
880 2280 1070 2349 Thebarum
1086 2281 1223 2376 propria

162 2502 231 2545 rant.
250 2493 304 2546 atii
319 2495 483 2565 Hismplrante
501 2495 604 2548 brebia
626 2512 670 2549 co·
714 2491 896 2559 studentium,
912 2500 1088 2565 congruentes
1101 2493 1173 2546 inter
1194 2509 1222 2545 ee

162 2587 277 2643 gnomen
287 2574 574 2627 volunt-Marinum
585 2578 672 2643 magis·
714 2588 832 2627 narrant.
849 2575 970 2626 Larrnrn.

153 2663 262 2706 aratum.
283 2653 386 2724 Nempe
407 2668 462 2707 erat
485 2654 671 2708 Polemarcbur
756 2655 781 2707 ⁵.
809 2655 921 2706 Patriam
949 2651 1070 2704 obsidione
1104 2651 1221 2704 mmu-

163 2749 225 2784 cum
233 2731 670 2803 PhilippoetLeontide.1lieutem
714 2747 778 2786 runt.
797 2734 858 2785 Non
877 2730 951 2804 quod
974 2749 1030 2784 eam
1053 2729 1220 2796 obsiderent,

165 2809 329 2864 Polemarchi
346 2831 360 2864 a
376 2813 533 2877 Plutarcho,
553 2815 670 2884 Agesil,
714 2811 759 2866 sed
772 2811 846 2884 quod
862 2824 982 2865 tenerent
995 2829 1081 2863 arcem
1098 2808 1220 2864 Laceda-

164 2896 212 2941 τῶν
232 2893 386 2962 πραγμάτων
412 2892 454 2947 uei
478 2896 522 2952 τῆς
546 2895 669 2954 πολιτείας
713 2893 811 2955 monii,
825 2892 1027 2962 quoliebat,ut
1042 2892 1146 2943 οὔκω
1157 2889 1220 2943 urbe

163 2970 238 3039 alprat
256 2983 392 3030 vocantur.
419 2972 577 3043 Plerumque
598 2970 671 3039 duo,
713 2973 902 3026 Thebanorum
926 2983 952 3023 et
971 2971 1058 3023 daura
1077 2968 1220 3024 videretur.

160 3067 265 3117 ¹stimma
280 3062 368 3104 tamen
382 3065 492 3123 urgente
503 3052 671 3120 necessitate,
714 3044 906 3122 Sicjam,c.1:
920 3076 931 3098 ι
944 3049 1029 3102 Satius
1037 3047 1221 3102 ducebanteoe

163 3141 217 3182 tres
232 3132 397 3192 creabantur.
411 3129 481 3184 Vide
494 3132 563 3186 Plut.
579 3133 668 3203 Pelop.
713 3130 1024 3184 obsideri.»-Auctom.
1033 3130 1156 3194 Quorum
1175 3129 1223 3182 irn-

164 3208 244 3280 bpud
251 3212 353 3264 AEtolos
359 3209 670 3270 Polemclaudendarum
714 3212 791 3284 pulsu
802 3229 845 3263 rea
856 3222 928 3281 gesta
937 3221 1001 3262 erat.
1008 3207 1079 3261 Vide
1090 3226 1185 3280 supra,
1197 3207 1220 3261 1.

164 3301 301 3360 portarum
318 3304 343 3343 et
360 3293 433 3345 urbia
448 3311 538 3345 curam
549 3293 671 3362 gerebat,
758 3292 822 3345 Car.
851 3291 901 3341 lv.
932 3308 956 3342 ι.
982 3288 1072 3358 Supm.
1096 3289 1130 3340 ln
1151 3288 1224 3360 Epe-

164 3368 249 3422 cltvee
272 3384 352 3427 noctu
375 3371 509 3435 detinebat
525 3389 533 3436 ;
550 3370 671 3424 interdiu
714 3368 854 3436 mnonda,
865 3370 898 3421 X.
913 3366 1070 3420 Plutarchus
1082 3368 1223 3434 autem,in

164 3442 526 3529 nutemoustodiipportarum
532 3449 669 3543 videbat.
714 3448 834 3520 Pelopid.
850 3449 891 3513 Il,
901 3461 928 3500 et
942 3447 1051 3519 passim,
1063 3445 1144 3499 tradit
1160 3464 1223 3500 eurn

200 3530 292 3586 *asub
297 3536 427 3611 prbr-7
436 3530 486 3584 Cui
494 3531 670 3586 incumbebat.
714 3549 777 3582 cum
787 3528 886 3599 Gorgia
897 3528 1028 3598 populum
1038 3545 1224 3598 congregasse,

206 3614 233 3671 4,
252 3611 394 3679 ρμνιηῙαηι
406 3631 454 3668 m
464 3611 671 3681 praetereuntia
714 3621 741 3662 et
764 3608 862 3662 auxilio
884 3608 995 3660 veniam.
1017 3606 1111 3677 Neque
1132 3618 1223 3660 tamn

164 3683 270 3741 Sallust·
287 3686 413 3758 iugurth.
428 3690 510 3754 XXI:
524 3690 600 3742 «Ubi
615 3690 671 3759 ple·
714 3689 759 3743 ille
779 3689 808 3739 in
834 3687 942 3740 exilium
960 3686 1053 3738 missus
1073 3683 1226 3754 eretteed,

164 3774 277 3835 tumque
294 3768 379 3821 noctis
396 3756 671 3838 probarit-Nullum
715 3769 751 3820 ob
781 3780 963 3838 paupertatem
992 3777 1018 3818 et
1046 3765 1224 3837 pbilosophi-

165 3843 209 3897 bic
235 3844 348 3914 scriptor
372 3844 406 3898 de
434 3849 554 3907 exulibus
576 3848 672 3900 vestitu
714 3845 942 3918 studium,quum
962 3845 1051 3897 minua
1066 3845 1225 3909 timeretur,

165 3923 287 3977 muliebri
300 3917 401 3983 ornatis
413 3926 524 3979 verbum
538 3927 615 3991 facit,
625 3947 671 3981 ue·
715 3925 788 3980 domi
799 3945 905 3979 manere
918 3937 1050 3997 potuerat.

164 4021 216 4075 que
232 4000 375 4058 Diodorus.
390 4004 671 4076 Ceteri,Xen0phou,
758 4026 782 4059 a.
806 4006 1001 4058 Liberandormu.
1031 4006 1070 4057 De
1100 4002 1222 4057 consilio.

165 4083 336 4148 Plutarchus,
352 4084 510 4154 Polyme,
530 4085 671 4139 mulierum
716 4086 822 4139 Poterat
841 4086 933 4157 utique
956 4083 1044 4137 dicere
1059 4083 1223 4138 themam

164 4163 295 4219 nobilium
311 4176 401 4216 noctes
422 4164 562 4233 promissas
577 4164 672 4234 luisse,
714 4166 778 4220 Haeo
798 4177 884 4218 autem
903 4183 970 4236 repe
990 4175 1127 4216 mutantur
1139 4162 1225 4233 perti·

164 4257 190 4299 et
204 4248 312 4314 juvenes
334 4243 424 4296 exules
436 4243 561 4302 muliebri
575 4258 671 4298 ornatu
714 4246 792 4316 cipia.
802 4244 873 4297 Vide
886 4244 1067 4305 Perizonium,
1078 4241 1112 4295 ad
1123 4241 1224 4296 Sanctii

165 4324 328 4377 intromissos
345 4341 401 4381 esee
421 4323 449 4376 in
467 4321 560 4378 domos
580 4337 670 4397 tyran·
715 4322 1224 4393 Minervam,1,15,not.8.-Pmprin

162 4423 282 4472 norum,
306 4403 566 4462 Lacedaemoniorum
592 4405 671 4463 rebus
715 4405 770 4460 ioue
792 4417 829 4458 ese
845 4405 977 4476 Pelopida.
996 4403 1089 4458 Gloria
1103 4419 1224 4456 aeona·
