2706 4770
148 340 220 412 362
377 336 656 406 EXGURSUS
683 337 975 406 VARIORUM

147 470 227 525 scribi
248 469 368 522 voluerit.
389 467 450 519 Non
466 465 540 538 quod
554 465 582 519 id
596 484 712 537 unquam
728 466 826 520 iactum
846 467 942 531 lueritt
959 463 1008 518 sed
1025 477 1057 518 ut
1069 466 1192 521 Thebon

149 550 178 604 in
191 547 317 602 invidiam
330 548 372 600 his
387 547 475 599 verbis
490 558 603 600 vocaret.
624 544 677 598 Sed
695 564 728 599 eo
741 565 817 600 sensu
834 548 904 601 hanc
916 564 1013 599 rotem
1026 545 1073 598 rix
1089 545 1149 599 alibi
1160 564 1192 599 rs·

147 630 242 700 perias.
263 629 355 698 Neque
367 625 494 680 credibile
506 638 558 690 est,
575 625 699 678 damnato
715 638 741 678 et
752 628 859 697 capitali
874 627 1010 699 supplicio
1026 625 1120 678 affecto
1136 626 1192 678 ’lb

148 709 231 760 banos
249 707 328 761 fuisse
352 703 520 778 splendidum
535 716 744 758 monumentum
772 719 817 759 aut
837 707 946 760 titulum
971 705 1116 776 posituros.
1136 704 1192 757 Νι

149 786 291 841 verisimile
302 798 341 840 est
347 786 446 838 Thebis
462 804 517 837 non
530 785 630 849 minus,
644 803 724 856 quum
734 785 831 856 Spartae
844 799 872 839 et
880 785 1011 849 Athenis,
1026 782 1192 836 damatoru

151 864 277 918 cadavera
289 884 345 919 non
360 865 388 917 in
404 866 524 934 sepulcro
538 876 664 935 patemo,
684 862 731 917 sed
747 866 872 936 peculiari
884 868 946 919 loco
961 864 1077 935 tepulta.
1092 862 1192 933 unique

149 945 247 1006 verba,
269 964 328 1016 qun
341 942 537 1016 Epaminondas
556 944 584 996 in
601 944 720 1016 periculo
733 944 813 997 scribi
826 945 930 1013 voluit,
945 943 1040 1016 potius
1058 943 1192 996 suntin

145 1021 267 1094 judicum
279 1038 323 1078 aut
332 1025 433 1077 tabulas
439 1023 571 1094 publicas,
584 1042 663 1095 quam
678 1022 792 1094 elogium
804 1025 966 1096 sepulcrale,
978 1023 1107 1076 reform
1117 1022 1193 1087 Qum-

147 1123 226 1175 quam
246 1105 310 1158 huic
327 1102 537 1174 interpretationi
555 1104 642 1156 farere
665 1101 789 1156 ridentur
805 1104 966 1158 Plutarchus
986 1102 1017 1154 in
1042 1101 1157 1173 apopltla
1170 1111 1192 1152 et

148 1185 350 1250 AElianns‚x111‚
363 1189 414 1248 la,
428 1181 499 1254 apud
506 1201 573 1253 quos
585 1181 780 1254 Epaminondas
792 1185 866 1254 jubet
875 1184 934 1237 baso
948 1181 1079 1252 ἰπιγρῆιι
1089 1184 1120 1246 τῇ
1129 1179 1191 1243 ea'tt.

148 1265 243 1321 tatto
260 1276 348 1317 autem
362 1263 414 1315 riri
425 1261 497 1315 docti
511 1275 648 1332 exponunt
660 1262 824 1315 columellam
840 1263 972 1335 sepulcris
985 1259 1082 1332 imponi
1091 1258 1189 1311 nclitum.

69 1393 71 1399 ,
151 1337 209 1407 [Sic
226 1345 413 1414 interpretatus
432 1354 471 1395 est
485 1339 611 1395 Schelfer.
625 1341 660 1395 ad
674 1342 725 1394 loc.
740 1343 836 1395 AEliani
847 1361 854 1396 :
866 1341 930 1397 add.
949 1339 1020 1394 ibid.
1037 1337 1141 1392 tumn.
1158 1335 1189 1388 de

149 1435 241 1477 nostro
256 1424 335 1476 etiam
350 1422 460 1493 Nepotis
474 1422 542 1474 looo.
557 1416 567 1486 ]
581 1422 673 1474 Malim
682 1421 857 1493 ’interpretari
871 1424 1043 1484 columnam,
1061 1416 1099 1470 cai
1110 1415 1188 1468 hami·

149 1502 295 1567 bebantur,
315 1502 412 1573 quibus
428 1501 572 1571 ignominia
594 1501 767 1572 irrogabatur.
798 1502 841 1555 Sic
863 1502 1043 1554 Athenienses
1062 1492 1188 1550 labium

150 1580 308 1651 quemdam,
326 1580 491 1634 Plistonactis
502 1580 532 1633 F.
546 1581 672 1648 Zelitem‚
685 1597 767 1650 quum
776 1581 843 1633 urbe
855 1581 1012 1650 ejecissent,
1027 1574 1189 1648 modoine

150 1660 263 1730 pecunia
281 1659 456 1730 corrupisset,
484 1670 515 1711 ut
538 1658 623 1712 Perse
640 1660 862 1729 obsequerentur3
883 1655 1131 1711 condemnationem
1144 1655 1190 1723 tius

138 1723 212 1809 'pilu
226 1758 298 1791 eren
311 1739 514 1809 inscripserunt,
526 1749 654 1808 potestate
668 1738 735 1791 facta
745 1738 844 1791 volenti
853 1755 915 1790 eum
929 1732 1091 1800 occidendi,
1102 1733 1192 1805 ὀμ

152 1818 202 1870 toti
216 1819 306 1887 generi
325 1817 408 1888 ipsius
427 1817 573 1887 ignominia
591 1817 706 1888 irrogata·
714 1835 723 1881 ς
745 1815 876 1889 adscripta
894 1818 979 1870 etiam
992 1832 1071 1870 causa
1091 1810 1193 1867 contla-

151 1895 281 1960 nationis‚
298 1893 370 1967 quod
379 1914 474 1948 aurum
485 1913 501 1948 e
510 1894 600 1948 Media
612 1897 639 1948 in
647 1897 857 1968 Peloponnesum
864 1896 1020 1950 invexisset.
1031 1897 1098 1948 Rem
1109 1901 1195 1945 narrant

152 1975 354 2040 Demosthenes,
364 1975 512 2046 Philippica
522 1993 573 2040 ιιι,
583 1993 611 2046 p.
629 1982 679 2044 49,
691 1986 718 2028 et
729 1973 763 2028 de
774 1976 836 2028 falsa
848 1976 926 2047 legat.
937 1995 967 2048 p.
984 1974 1042 2029 23⁵
1051 1991 1060 2039 ς
1070 1971 1195 2033 karitas,

153 2068 218 2107 orat.
227 2066 318 2108 contra
326 2055 444 2126 Ctesiph.
452 2074 478 2125 p.
488 2055 556 2120 3103
566 2054 800 2122 Dinarchus,orat.
808 2064 900 2108 contra
905 2054 1196 2126 Aristogitonsmpn.

152 2146 180 2187 et
194 2134 323 2201 Nonnns,
337 2135 386 2187 suls
402 2134 508 2187 initium
524 2134 625 2187 collect.
639 2133 732 2189 histor.
748 2132 782 2186 td
795 2134 923 2187 Steliteut,
943 2153 956 2187 1
974 2132 1132 2186 Naaianaeui
1142 2147 1150 2182 τ
1161 2127 1197 2199 qui

153 2210 249 2264 addit:
270 2214 330 2273 tritu
347 2214 396 2274 iclr
412 2214 428 2269 ἦ
442 2214 506 2274 atto<
525 2215 542 2270 ἢ
561 2216 650 2281 χαλκὸς
670 2215 694 2266 lt
711 2213 824 2283 impilm
839 2213 994 2285 raepapu'asp
1014 2213 1135 2284 qim·
1152 2198 1197 2272 ivl

154 2293 321 2361 ὶγγίγραπται
332 2294 348 2347 rl
359 2296 401 2343 τῶ
415 2294 598 2361 ςιλιτιυομίνου
613 2290 690 2363 tene.
704 2290 974 2346 Viderietlleursius
989 2291 1113 2365 potestlra
1123 2288 1199 2344 (Μ’

154 2369 198 2440 pia
207 2407 216 2433 ‚
225 2387 282 2440 cap.
299 2388 343 2437 ²9·
356 2369 416 2422 Pari
427 2367 508 2421 modo
523 2368 676 2424 devotionis
684 2370 826 2425 Alcibiadis
841 2373 997 2444 exemplum
1009 2372 1040 2425 iu
1050 2372 1103 2444 pila
1116 2363 1198 2440 lat&

155 2448 270 2500 incisum
291 2460 317 2500 et
335 2448 362 2500 in
375 2448 483 2519 publico
497 2448 613 2519 positum
626 2461 683 2517 est,
699 2448 801 2523 dequo
817 2451 928 2511 Noster.
941 2468 973 2521 7,
994 2459 1031 2518 4,
1050 2448 1140 2504 teani
1150 2441 1199 2498 tl&

155 2526 324 2581 aGebhardo
337 2540 468 2581 annotata.
481 2530 566 2599 Atque
577 2528 650 2582 hunc
661 2530 908 2602 moremreapexisse
916 2530 1129 2584 Plutarclnnac
1136 2523 1201 2578 ntis

155 2625 235 2672 num,
251 2606 323 2661 haud
336 2607 495 2679 negaverim.
515 2605 566 2660 Sed
584 2620 614 2660 ut
626 2607 660 2661 de
672 2627 704 2661 eo
721 2611 801 2664 rerba
815 2609 943 2680 Nepotis,
967 2623 996 2663 et
1010 2608 1110 2680 perani
1124 2620 1199 2658 rm

157 2687 240 2758 accipi
255 2686 353 2740 debere
372 2701 480 2759 putem,
502 2685 622 2740 nondum
644 2686 740 2741 adduci
760 2707 874 2760 possum.
894 2689 1038 2761 Nusquam
1058 2681 1199 2744 amitiit.

157 2765 231 2837 quod
242 2767 339 2829 sciam,
360 2767 413 2820 hoc
429 2767 577 2838 significatu
593 2767 716 2831 occurrit.
739 2769 777 2821 Ac
795 2767 851 2820 lieri
865 2768 977 2838 potuit,
996 2780 1030 2821 ut
1051 2767 1083 2821 lai
1108 2773 1199 2818 matt·

157 2860 308 2910 auctorum,
326 2845 398 2899 unde
414 2846 592 2898 narrationem
610 2863 683 2899 suam
703 2847 861 2911 hauserunt,
885 2864 942 2898 non
965 2846 1030 2900 satia
1042 2842 1200 2919 perotpttlll»

157 2938 204 2977 aut
220 2925 248 2977 in
263 2925 327 2978 alios
339 2937 473 2989 auctores,
487 2943 566 2995 quam
581 2925 683 2996 Nepos,
695 2925 845 2979 inciderint.
858 2925 954 2990 Quare
966 2927 1062 2979 malim
1076 2923 1109 2978 de
1118 2919 1200 2977 italo.

157 3004 212 3056 aive
231 3006 331 3076 scripto
338 3002 452 3076 judicis,
463 3002 544 3056 verbo
560 3005 673 3058 auctoris
686 3005 770 3058 nostri
786 3004 918 3077 accipere,
937 3017 1023 3078 atque
1032 3003 1099 3059 illud
1110 3021 1149 3056 m
1159 3015 1200 3052 sn

158 3081 192 3134 ad
198 3083 423 3154 Epaminondam,
436 3095 467 3136 ut
478 3101 541 3136 curn
555 3084 613 3136 aliis
621 3084 759 3137 Salmasius
770 3084 846 3150 lacit,
859 3082 905 3137 sed
913 3083 948 3137 ad
956 3082 1200 3140 mannam,

158 3180 212 3232 quo
224 3164 302 3216 etiarn
314 3162 461 3234 Schoppiua
479 3164 568 3215 refert.
585 3163 653 3216 Nam
668 3163 798 3235 psn'culurr
812 3161 928 3216 indicem
943 3164 1003 3217 aire
1016 3159 1200 3217 libellum*

158 3258 252 3294 corum
269 3243 415 3294 imitatione
427 3240 496 3306 dici,
507 3241 646 3295 Salmasius
661 3244 717 3314 ipse
729 3243 794 3296 locis
806 3242 880 3314 alleg.
896 3259 926 3295 ac
946 3244 976 3296 in
995 3255 1054 3297 not.
1082 3240 1114 3295 ad
1126 3238 1198 3294 ΗΜ·

157 3320 225 3391 Aug.
240 3340 267 3391 p.
283 3325 336 3387 84,
351 3322 493 3375 annotavit.
515 3320 599 3392 quue
620 3322 689 3374 clare
708 3320 805 3375 docent
824 3322 895 3375 tituli
911 3323 1057 3395 utriusque
1074 3311 1200 3376 mim&

158 3402 293 3452 sententiis
308 3420 337 3452 er
347 3401 454 3472 psrr'culo
471 3399 620 3454 recitandis.
640 3402 707 3454 Nam
724 3399 796 3472 quod
812 3401 841 3453 in
853 3402 1017 3473 epigraphe,
1034 3414 1063 3456 et
1074 3413 1143 3456 tntu
1152 3398 1166 3450 l
1176 3409 1199 3448 tt·

159 3475 190 3526 C.
202 3478 333 3532 Theodos.
349 3500 380 3531 ea:
389 3481 496 3549 periculo
509 3484 618 3540 recitari,
635 3498 665 3533 ac
673 3483 753 3552 ptumi
757 3520 765 3543 ‚
779 3478 811 3533 id
829 3481 858 3533 ln
877 3493 953 3533 textu
971 3483 991 3535 l.
1006 3483 1023 3536 3
1039 3479 1108 3536 Cod.
1125 3473 1199 3532 Ml·

159 3551 193 3605 de
214 3556 318 3627 scriptis
334 3554 367 3611 'et
388 3559 416 3610 in
432 3560 450 3611 l.
470 3575 481 3609 r
501 3558 531 3611 C.
548 3558 650 3612 l'heod.
668 3557 702 3612 de
720 3560 811 3631 scripti
830 3561 987 3614 recitatione
1013 3560 1144 3632 profusit
1158 3556 1199 3607 l!

162 3631 192 3683 C.
206 3633 303 3688 lustin.
320 3637 381 3690 [ιι.
396 3635 465 3691 cort.
481 3637 585 3690 Theod.
604 3638 662 3692 etl.
677 3657 791 3692 ornnem.
812 3656 854 3692 ιι..
873 3639 907 3692 C.
924 3639 979 3693 Th.
1002 3639 1038 3693 de
1057 3629 1200 3713 appelli-2

162 3711 203 3763 vel
218 3732 248 3762 ec
261 3713 340 3765 libello
350 3716 406 3766 duri
419 3715 523 3768 dicitur.
545 3717 631 3770 Etiam
642 3719 671 3770 in
684 3719 754 3771 notis
765 3719 838 3771 luris
850 3718 993 3789 Magnonis
1008 3720 1128 3792 legitur:
1139 3717 1166 3770 lt
1175 3710 1199 3762 Ρ·

161 3791 191 3843 de
202 3792 325 3861 pera'cnlo,·
345 3795 380 3846 D.
403 3795 432 3846 L.
454 3794 483 3845 de
500 3794 588 3848 libello.
608 3798 642 3850 Et
664 3797 846 3851 incollatione
864 3797 1020 3870 Curthugln.
1043 3816 1082 3865 tt,
1102 3791 1201 3869 cap-⁶⁸2

163 3869 287 3924 dicuntur
298 3872 454 3943 Exceptum,
467 3893 575 3926 memores
584 3877 694 3948 periculi
703 3889 727 3928 et
729 3878 883 3948 professionis
891 3897 956 3940 auae,
967 3883 1100 3932 martimo
1110 3879 1146 3930 dis
1153 3879 1204 3944 p·

164 3950 231 4005 edere
234 3953 362 4018 festinasse
366 3991 374 4016 ‚
389 3957 424 4005 ita
436 3965 463 4005 ut
474 3954 574 4008 Notarir'
584 3961 662 4026 partia
677 3963 797 4030 utriusque
806 3961 831 4010 in
841 3956 955 4010 dictando
969 3978 1018 4012 raon
1032 3957 1120 4011 dnm.
1133 3955 1206 4024 Μ*
