2706 4770
204 388 256 437 xn
349 415 351 418 <
466 367 732 438 CORNELII
758 364 988 435 NEPOTIS

204 498 332 584 Plinio,
352 497 562 585 cassiodoro,
575 513 607 567 et
622 499 791 567 Antonino
805 499 838 566 in
851 496 1026 567 Itinerario
1042 507 1259 581 memoratus,

205 603 367 697 hodieque
379 603 603 674 ecclesiasticae
617 605 858 673 Veronensium
867 603 1085 696 jurisdictioni
1101 601 1257 670 subditus.

206 709 452 778 Historicushic
465 711 634 779 Ciceronis
643 711 767 779 amicus
782 707 948 777 familiaris
958 732 977 777 a
989 707 1097 778 Gellio
1105 721 1261 793 vocatur,

207 813 262 883 lib.
283 817 369 901 XV,
397 839 466 909 cap.
494 817 552 886 28.
579 817 746 886 Chronica
770 817 955 909 scripsisse,
979 815 1068 883 testis
1096 827 1146 882 est
1174 813 1259 881 idem

207 919 351 1005 Gellius,
362 919 415 989 lib.
432 923 586 1004 XXVII,
597 946 669 1016 cap.
688 945 745 990 21.
761 923 801 989 ln
816 921 866 989 his
880 945 941 1014 pro
959 917 1078 1014 triplici
1092 933 1261 1012 tempore,

206 1016 331 1113 ἀδήλῳ,
344 1026 536 1119 μυθικῷ,καὶ
550 1027 690 1119 ἱστορικῷ
706 1020 767 1115 (de
782 1026 900 1120 quibus
910 1050 950 1094 ex
961 1026 1113 1094 Varrone
1126 1039 1160 1092 et
1175 1022 1260 1112 aliis,

206 1129 290 1200 libro
309 1131 349 1200 de
370 1146 440 1200 arte
458 1131 631 1219 historica,
654 1125 838 1219 diximus),
856 1145 922 1199 tres
942 1130 1072 1198 videtur
1094 1132 1259 1224 scripsisse

206 1234 324 1322 libros,
346 1262 385 1306 ac
406 1236 540 1332 singulis
558 1240 654 1306 unius
669 1238 826 1332 temporis
844 1238 1066 1305 narrationem
1083 1261 1152 1305 esse
1170 1261 1260 1304 corn·

207 1340 329 1437 plexus.
357 1346 443 1412 Sane
465 1358 530 1412 tros
550 1342 650 1412 libros
676 1343 789 1412 fecisse
809 1344 993 1436 Nepotem,
1015 1342 1135 1435 quibus
1163 1367 1261 1410 omne

207 1474 314 1518 aevum
342 1448 650 1543 comprehenderit,
680 1448 802 1542 liquido
826 1461 964 1517 testatur
995 1445 1144 1515 Catullus
1170 1448 1262 1515 initio

206 1552 561 1649 hendecasyllaborum.
583 1557 655 1624 Nec
674 1555 867 1623 historicum
888 1568 1017 1646 tempus
1039 1551 1138 1620 abeo
1156 1550 1261 1620 solum

205 1684 276 1728 esse
298 1674 494 1745 tractatum,
513 1659 631 1728 indicio
650 1675 700 1729 est
715 1659 795 1728 illud
813 1660 971 1729 Ausonii:
990 1687 1007 1723 (ι
1025 1656 1192 1752 Apologos
1206 1661 1261 1727 Ti·

206 1766 299 1849 tiani,
321 1780 355 1832 et
376 1766 514 1858 Nepotis
532 1764 714 1852 Chronica,
728 1767 819 1858 quasi
836 1762 916 1834 alios
930 1761 1087 1858 apologos
1104 1759 1118 1852 l
1137 1779 1262 1834 namet

206 1870 276 1964 ipsa
294 1873 395 1940 instar
413 1869 598 1939 fabularum
616 1862 727 1957 sunt),
740 1870 782 1938 ad
801 1869 1003 1939 nobilitatem
1026 1884 1116 1937 tuam
1136 1870 1218 1938 misi.
1240 1899 1258 1936 a

208 1975 292 2044 Item
317 2002 357 2045 ex
382 2000 439 2063 eo,
461 1975 550 2069 quod
567 1975 790 2045 Tertullianus
812 1978 845 2044 in
865 1975 1081 2072 Apologetico
1103 1973 1262 2045 adversus

206 2096 319 2175 gentes
339 2074 415 2170 (ubi
436 2106 510 2149 eum
527 2084 612 2150 inter
626 2084 857 2176 antiquitatum
870 2096 1147 2151 commentatores
1161 2080 1261 2151 diser·

207 2199 265 2256 tun
276 2181 425 2282 reponit)
443 2187 540 2275 dicit,
552 2188 640 2257 haud
650 2188 738 2256 aliud
751 2191 946 2276 Saturnum,
960 2212 1059 2281 quarn
1073 2187 1261 2274 hominem,

207 2291 440 2388 promulgasse.
454 2294 554 2380 Quod
566 2296 665 2362 etiam
679 2296 870 2364 Lactantius
879 2293 995 2379 tradit,
1008 2292 1062 2362 lib.
1072 2295 1107 2380 I,
1117 2316 1188 2387 cap.
1206 2291 1259 2364 13.

207 2397 351 2492 Reliquit
362 2414 519 2492 praetcrea
537 2396 637 2469 libros
654 2399 834 2470 Illustrium
848 2402 1012 2486 virorum,
1026 2424 1167 2494 quorum
1183 2397 1260 2468 Gel-

207 2500 269 2572 lius
286 2506 454 2592 meminit,
470 2502 524 2572 lib.
540 2507 611 2591 XI,
624 2530 694 2600 cap.
712 2505 750 2590 8,
763 2521 797 2575 et
812 2508 945 2575 Servius
965 2507 999 2573 in
1015 2507 1032 2573 I
1051 2504 1177 2574 AEneid.
1192 2507 1261 2573 Eo·

207 2634 279 2677 rum
295 2608 414 2678 librum
428 2613 461 2698 I,
472 2613 537 2680 XV
551 2625 584 2680 et
598 2615 680 2680 XVI
695 2613 774 2681 citat
784 2611 962 2681 Charisius.
975 2613 1026 2679 Ex
1040 2611 1090 2680 his
1101 2611 1261 2679 habemus

206 2716 322 2809 viginti
343 2715 426 2786 duos
448 2732 633 2786 exterarum
657 2719 802 2811 gentium
823 2720 1045 2813 imperatores.
1072 2717 1197 2785 Ceteris
1220 2714 1260 2782 li-

206 2819 274 2890 bris
292 2823 397 2917 egisse
412 2823 452 2892 de
475 2825 648 2911 Romanis,
666 2824 737 2893 haec
755 2826 825 2919 ejus
840 2825 942 2919 verba
961 2822 1139 2894 ostendunt
1154 2822 1187 2888 in
1206 2845 1260 2889 ex-

207 2939 314 2996 trema
329 2929 519 2999 Hannibalis
536 2932 605 2998 vita
625 2956 633 2998 :
656 2959 673 2993 u
695 2930 758 2998 Sed
776 2955 836 2999 nos
855 2946 984 3025 tempus
1002 2942 1052 2998 est
1072 2927 1170 3019 hujus
1188 2924 1261 2994 libri

207 3030 316 3102 lacere
343 3035 460 3125 linem,
491 3052 525 3106 et
554 3037 780 3106 Romanorum
813 3035 977 3130 explicare
1003 3037 1216 3129 imperatores
1233 3029 1264 3119 ²3

206 3162 274 3231 quo
294 3138 442 3230 facilius,
465 3142 591 3212 collatis
612 3157 827 3235 utrorumque
845 3141 963 3233 factis,
983 3141 1039 3235 qui
1065 3140 1126 3206 viri
1145 3138 1261 3233 proele·

207 3243 300 3312 rendi
317 3246 397 3331 sint,
416 3251 520 3342 possit
530 3248 704 3340 judicari.»
720 3249 839 3342 Operis
852 3248 922 3342 ejus
937 3247 1078 3342 genuina
1094 3245 1262 3340 inscriptio

207 3362 298 3442 patet
311 3376 351 3419 ex
368 3350 491 3422 ultimis
504 3353 593 3423 hisce
610 3353 808 3448 praelationis
824 3354 933 3423 verbis
950 3378 957 3420 :
974 3353 1115 3441 «Quare
1129 3351 1171 3420 ad
1185 3376 1261 3445 pro·

207 3455 350 3549 positum
366 3460 554 3547 veniemus,
570 3473 604 3529 et
621 3461 652 3527 in
668 3459 734 3528 hoc
755 3484 956 3555 exponemus
975 3456 1059 3526 libro
1079 3479 1181 3527 v1rns
1199 3481 1260 3525 nx-

205 3582 433 3633 cameurium
445 3578 721 3636 mrantaonum:
734 3596 751 3631 a
763 3567 1105 3659 Praeterimperatores
1114 3587 1259 3631 seorsum

205 3689 357 3737 exarasse
377 3668 496 3740 librum
515 3671 556 3740 de
572 3671 737 3766 Regibus,
751 3684 945 3767 argumento
965 3670 1037 3739 haec
1059 3682 1170 3755 erunt,
1188 3692 1261 3761 quae

251 3870 276 3904 ι.
295 3851 327 3902 In
340 3850 435 3921 quibus
448 3864 542 3904 enatet
555 3851 642 3906 Julius
655 3853 712 3907 Cai-
757 3854 825 3922 culi,
834 3854 874 3907 De
883 3853 1038 3925 Originibus
1047 3869 1188 3922 rerum,p.
1208 3867 1258 3919 17:

207 3929 484 3995 m‚testeGnlielmo
498 3931 646 4004 Postregico
658 3933 713 3985 Ve·
761 3932 898 4005 «Scripsit
921 3945 949 3987 et
965 3933 1030 3986 Julii
1049 3933 1114 3986 Cas.
1134 3929 1215 3981 vitam
1234 3940 1261 3980 et

207 4009 333 4078 rorensi,
348 4009 456 4065 bomim
468 4009 652 4083 quartidecimi
666 4028 713 4066 sn·
758 4024 892 4083 tempora,
903 4015 977 4082 cujus
986 4011 1060 4066 fulsit
1069 4007 1258 4082 temporibus.-
