2768 5198
516 765 859 837 rutenensi.
1143 793 1219 865 299

160 910 256 965 recto
275 919 392 980 cursu,
410 909 447 963 ut
466 911 583 964 auctor
602 911 651 966 est
672 897 843 991 Polybius,
861 900 907 968 10
926 899 972 967 Μ.
992 923 1147 993 passuum
1169 903 1217 969 in·

161 1016 316 1085 tersunt;
336 1003 476 1070 circuitu
498 1027 577 1071 vero
599 1006 699 1073 totius
719 1006 832 1089 Ponti,
846 1006 945 1074 vicies
963 1006 1061 1074 semel
1079 1021 1218 1076 centena

158 1109 401 1202 quinquaginta
424 1110 485 1194 M,
508 1123 545 1176 ut
567 1124 754 1178 auctorest
776 1112 904 1196 Varro,
925 1127 959 1179 et
990 1111 1058 1180 sere
1079 1128 1216 1181 veteres.

157 1216 273 1307 Nepos
309 1213 483 1282 Cornelius
515 1229 661 1285 trecenta
693 1213 792 1284 millia
826 1219 1063 1311 quinquaginta
1100 1218 1218 1312 adjicit.

160 1321 251 1389 Ptin.
270 1323 345 1404 IV,
373 1343 429 1388 12.

212 1427 255 1492 In
270 1450 328 1492 ora
347 1427 487 1509 Oceani,
503 1424 631 1494 colonia
649 1427 804 1520 Augusti,
816 1426 904 1521 Iulia
924 1431 1155 1498 Constantia...
1176 1433 1219 1499 Et

160 1531 204 1599 ab
223 1554 262 1599 ea
278 1533 413 1599 XXXII
433 1533 480 1599 M.
501 1556 584 1625 pass.
600 1532 745 1616 colonia,
766 1557 785 1600 a
805 1533 943 1602 Claudio
966 1537 1095 1604 Caesare
1115 1535 1218 1623 facta,

160 1638 271 1706 Lixos.
295 1637 345 1704 lbi
374 1638 462 1731 regia
484 1639 606 1726 Antaei,
633 1653 864 1732 certamenque
887 1665 962 1709 curn
993 1639 1159 1727 Hercule,
1185 1656 1219 1710 et

160 1742 383 1836 Hesperidum
402 1743 529 1811 horti...
543 1746 643 1811 Extat
662 1746 696 1812 in
713 1769 752 1813 ea
768 1759 801 1814 et
814 1769 870 1813 ara
883 1745 1053 1832 Herculis,
1066 1771 1127 1816 nec
1142 1772 1220 1840 prae·

159 1863 212 1919 ter
223 1848 382 1918 oleastros
403 1848 491 1917 aliud
509 1874 549 1918 ex
568 1865 701 1920 narrato
715 1850 772 1920 illo
788 1852 931 1920 auriscro
944 1875 1089 1923 nemore.
1106 1853 1218 1922 Minus

159 1955 312 2049 profecto
334 1958 495 2023 mirentur
511 1971 700 2049 portentosa
713 1959 851 2026 Graeciae
865 1957 1055 2044 mendacia,
1076 1957 1117 2026 de
1134 1959 1171 2035 iis
1185 1973 1219 2026 et

160 2086 259 2131 amne
286 2062 369 2129 Lixo
393 2061 537 2155 prodita,
563 2063 619 2155 qui
646 2065 808 2157 cogitent,
835 2079 967 2133 nostros
992 2088 1099 2158 nuper
1119 2063 1220 2158 paulo

160 2168 271 2236 minus
289 2167 492 2237 monstrifica
514 2168 661 2260 quaedam
682 2169 724 2238 de
740 2169 854 2238 iisdem
878 2169 1072 2239 tradidisse:
1089 2195 1219 2264 praeva-

161 2271 260 2341 lidam
276 2273 361 2341 hanc
375 2273 511 2358 urbem,
526 2274 748 2368 majoremque
761 2277 962 2370 Carthagine
980 2300 1099 2370 magna
1114 2304 1123 2360 3
1136 2301 1219 2369 prae·

162 2393 252 2448 terea
274 2403 315 2446 ex
342 2379 479 2448 adverso
499 2380 569 2473 ejus
591 2383 685 2449 sitam
694 2380 715 2468 ¹,
739 2397 773 2450 ct
798 2407 902 2476 prope
929 2384 1089 2450 immenso
1111 2395 1219 2450 tractu

161 2484 206 2554 ab
223 2487 344 2578 Tingi3
369 2510 506 2579 quaeque
528 2485 591 2554 alia
614 2484 787 2556 Cornelius
808 2490 921 2582 Nepos
940 2487 1123 2556 avidissime
1144 2512 1219 2556 cre·

163 2590 256 2661 didit.
276 2591 364 2660 Plt'n.
382 2595 433 2677 V,
456 2616 484 2660 1.
575 2646 578 2653 .

215 2695 325 2789 Aliqui
338 2699 425 2766 inter
438 2701 580 2767 Pontum
595 2713 628 2767 et
646 2702 804 2795 Caspium
823 2724 914 2769 mare
929 2701 1149 2770 CCCLXXV
1170 2701 1218 2768 M.

161 2827 248 2898 pass.
270 2827 337 2870 non
356 2803 495 2897 amplius
513 2805 667 2874 interesse
679 2806 905 2894 tradiderunt3
923 2805 1096 2877 Cornelius
1106 2808 1221 2900 Nepos

162 2911 254 2979 CCL
273 2908 382 2977 millia.
401 2912 489 2978 Plu.
510 2915 578 2998 Vl,
600 2936 611 2980 1
627 2937 654 2980 r.

215 3014 370 3109 Polybius
392 3016 425 3083 in
443 3031 589 3084 extrema
609 3019 806 3087 Mauritania
820 3033 934 3087 contra
950 3032 1095 3086 montem
1111 3015 1219 3084 Atlan-

162 3135 229 3189 tem
248 3145 268 3188 a
288 3136 375 3189 terra
397 3122 501 3190 stadia
523 3136 599 3190 octo
623 3123 736 3191 abesse
758 3123 902 3217 prodidit
921 3120 1078 3192 Cernen².
1106 3124 1220 3215 Nepos

163 3225 338 3296 Cornelius
363 3253 401 3296 ex
429 3226 568 3296 adverso
595 3230 736 3298 maxime
761 3230 969 3324 Carthaginis
989 3254 1007 3297 a
1031 3228 1221 3297 continente

162 3357 279 3427 passus
303 3332 416 3420 mille;
445 3359 512 3402 non
535 3333 726 3429 ampliorem
749 3335 888 3405 circuitu
915 3335 1044 3404 duobus
1066 3332 1219 3402 millibus.

164 3439 319 3522 Plinius,
342 3443 412 3525 Vl,
440 3438 497 3509 31.

216 3547 330 3640 Nepos
342 3545 533 3633 Cornelius,
544 3547 599 3640 qui
613 3546 680 3615 divi
694 3548 833 3642 Augusti
843 3547 1028 3642 principatu
1037 3545 1134 3631 obiit,
1147 3569 1220 3629 me,

163 3653 287 3745 inquit,
304 3651 425 3744 juvene
446 3652 590 3722 violacea
609 3639 772 3747 purpura³
792 3654 938 3747 vigebat,
953 3653 1046 3747 cujus
1064 3650 1146 3720 libra
1163 3650 1219 3719 de·

204 3825 270 3879 Car.
293 3827 369 3878 VIII·
404 3845 428 3880 r.
455 3828 498 3879 Ex
511 3828 608 3879 adverso
619 3830 668 3898 ejus
712 3823 1134 3900 interpretanturviridoctiapud
1143 3825 1221 3896 Poly-

163 3908 245 3960 ἀίω.
262 3906 285 3958 Ε
301 3905 426 3976 regione,
440 3907 481 3959 vel
499 3926 529 3961 ex
547 3909 669 3979 opposito
712 3909 803 3974 bium,
813 3908 931 3960 XXXIX
941 3926 985 3974 ,1‚
1000 3906 1133 3960 Θαλαττὶα
1143 3944 1150 3969 ,
1160 3923 1220 3976 quae

162 3985 284 4037 maxima
296 3984 469 4058 Carthaginis.
482 3986 583 4040 Eodem
593 4006 671 4040 sensu
713 3988 853 4060 pretiosior
860 3987 950 4058 Tyria.
959 3985 1085 4039 Devariia
1091 4001 1219 4058 purpurat

164 4062 237 4137 apud
245 4064 387 4137 Virgilium
396 4066 465 4137 leges
474 4078 575 4119 watra:
586 4093 597 4114 ·
609 4067 672 4121 Cer·
713 4069 855 4140 generibus
865 4066 928 4120 vide
941 4065 1066 4131 Caelium,
1078 4059 1218 4137 BayAm,

162 4143 353 4216 thegoltaliam
360 4157 469 4198 contra.»
479 4144 669 4212 AEneid.1,13.
714 4147 916 4212 etSelmesium,
931 4145 1105 4219 qniomuium
1114 4160 1219 4197 accura-

206 4242 233 4277 ι.
257 4223 359 4277 amn.
377 4224 505 4278 Nonnulli
525 4225 670 4283 uadem,
715 4226 828 4293 thalme,
841 4226 869 4282 in
882 4228 954 4280 notis
973 4224 1006 4279 ed
1023 4224 1219 4279 Tertullianum

163 4303 209 4358 alii
221 4302 361 4358 onam
371 4303 483 4358 insulam
498 4324 553 4359 esse
567 4317 670 4376 putant.
714 4303 749 4361 de
763 4307 861 4373 Pallio,
870 4306 984 4379 scripsit.
996 4306 1118 4376 Purpura
1131 4313 1220 4354 autem

205 4383 231 4438 3.
250 4383 617 4456 Violaeeapmpum.Groecis‚
632 4384 671 4439 uti
714 4384 828 4440 violacea
854 4385 1003 4458 tingebatur
1036 4385 1105 4438 eirca
1130 4381 1220 4434 henr·
