2706 4770
358 357 427 423 DE
453 357 736 425 CORNELIO
763 357 984 426 NEPOTE.
1117 384 1205 431 xxxi

146 487 327 579 Phrygium
344 488 524 575 Daretem,
546 489 602 581 qui
624 503 772 583 tempore
798 489 931 581 Trojani
952 484 1028 557 belli
1049 492 1204 561 conunue

146 595 179 660 in
198 617 313 661 eorum
334 593 532 663 exercitibus
549 593 641 663 fuere
658 609 849 688 praesentes,
863 608 897 662 et
917 594 1054 681 borum,
1072 600 1202 689 quaen·

142 697 279 783 derant,
288 713 367 767 sunt
379 696 555 768 fidelissimi
567 698 741 784 relatores,
757 713 790 768 et
803 701 836 767 in
852 715 1045 793 presentem
1057 699 1201 771 libellum

124 853 127 856 ι
148 828 211 897 per
227 828 278 871 me
301 803 449 895 judicem
473 804 660 901 Gnidonem
682 804 723 873 de
744 803 908 874 Columna
931 806 1083 876 Messana
1108 822 1202 877 tran·

150 924 276 1003 sumpta
300 908 470 1028 legentur,
492 894 592 1026 prout
612 911 646 977 in
666 909 796 978 duobus
815 909 907 979 libris
932 935 1047 980 eorum
1067 913 1203 1008 inscrip-

144 1031 215 1083 tum
231 1017 328 1108 quasi
350 1039 416 1084 una
438 1016 529 1084 vocis
547 1017 760 1085 consonantia
784 1018 955 1085 inventum
982 1030 1031 1086 est
1055 1018 1201 1089 Athenis

142 1122 348 1214 Quanquam
371 1135 481 1188 autern
501 1120 562 1191 bos
579 1118 703 1190 libellos
720 1121 854 1214 quidam
872 1123 1060 1206 Romanus,
1078 1125 1202 1193 Corne·

141 1226 207 1294 lins
224 1227 375 1313 tremine,
388 1225 529 1295 Sallustii
550 1228 660 1320 magni
675 1251 795 1320 nepos,
817 1228 851 1294 in
866 1226 1002 1294 latinum
1025 1229 1202 1297 transferre

142 1333 331 1414 curaverit,
351 1345 462 1400 tamen
481 1331 560 1401 dum
575 1330 739 1401 laboraret
752 1333 891 1400 nimium
906 1331 1014 1399 brevis
1028 1355 1114 1419 esse,
1128 1358 1201 1427 par·

144 1436 296 1506 ocularia
313 1437 458 1506 historia
479 1439 593 1531 ipsius,
615 1463 687 1531 que
709 1439 814 1530 magis
832 1449 971 1531 possunt
988 1434 1117 1506 allicere
1133 1441 1202 1508 ani-

143 1568 219 1612 mos
238 1542 451 1630 auditorum,
472 1568 539 1637 prae
568 1545 669 1612 nimia
687 1543 847 1611 brevitate
868 1541 1058 1612 indecenter
1083 1546 1201 1613 omisit

143 1651 184 1717 la
196 1649 259 1717 hac
269 1650 373 1744 igitur
384 1650 466 1718 serie
477 1646 576 1718 libelli
592 1663 698 1718 totum
711 1651 877 1717 invenitur
891 1649 1100 1742 inscriptum,
1113 1650 1202 1743 quod

142 1753 186 1823 de
197 1770 267 1823 tota
280 1755 418 1824 historia
428 1752 653 1824 universaliter
661 1768 694 1822 et
700 1753 941 1848 particulariter
948 1768 1078 1848 gestum
1094 1755 1165 1823 fuit.
1181 1785 1198 1820 a

145 1859 238 1927 Idem
254 1862 398 1954 scriptor
419 1859 459 1927 ad
477 1858 599 1929 calcem
622 1861 751 1954 operis:
771 1891 787 1924 a
805 1863 848 1928 Et
865 1885 927 1954 ego
946 1859 1056 1930 Guido
1076 1860 1118 1928 de.
1136 1863 1200 1930 Co·

147 1963 257 2034 lumna
270 1965 374 2058 judex
387 1965 428 2033 de
443 1967 595 2034 Messana
613 1966 803 2060 praedictum
814 1967 926 2034 Ditem
935 1957 1096 2058 (Dictyn)
1110 1968 1200 2035 Grae·

149 2096 222 2138 cum
244 2074 278 2139 in
305 2071 459 2139 omnibus
482 2095 553 2138 sum
577 2086 724 2156 secutus,
749 2097 810 2165 pro
836 2068 989 2163 eoquod
1015 2072 1083 2164 ipse
1109 2073 1202 2139 Dites

151 2169 302 2270 (Dictys)
321 2176 504 2270 perlectum
524 2191 558 2245 et
579 2176 779 2270 completum
799 2175 877 2246 fecit
894 2177 928 2244 in
949 2176 1102 2245 omnibus
1119 2201 1202 2270 opus

152 2305 241 2351 suurn
258 2283 302 2351 ad
323 2281 503 2351 litterarum
516 2281 666 2351 videlieet
683 2281 850 2369 solatium,
867 2296 905 2350 nt
921 2306 1030 2350 veram
1051 2284 1201 2352 notitiam

154 2386 289 2456 habeant
312 2390 481 2482 presentis
502 2389 670 2474 Historia,
697 2402 730 2456 et
753 2403 792 2456 ut
819 2390 923 2482 magis
946 2386 1149 2457 delectentur
1167 2391 1200 2457 in

156 2494 224 2585 ipsa
251 2497 296 2563 Et
318 2519 382 2588 ego
407 2495 579 2562 historiam
600 2495 704 2587 ipsam
732 2517 899 2562 omassem
923 2494 1097 2562 dictamine
1125 2493 1201 2588 pul·

158 2597 268 2668 ebriari
286 2625 349 2694 per
368 2599 544 2694 ampliores
555 2600 763 2693 metaphoras
782 2613 816 2668 et
828 2599 1017 2687 colores‚et
1025 2624 1085 2693 per
1100 2613 1201 2667 trans

160 2709 331 2795 gressiones
341 2720 570 2792 occurrentes,
581 2730 653 2798 quae
664 2707 763 2799 ipsius
777 2705 961 2776 dictaminis
969 2718 1046 2774 sunt
1055 2707 1200 2798 picturae.

161 2810 211 2878 Sed
231 2815 365 2881 territus
383 2837 423 2880 en
443 2812 667 2906 magnitudine
684 2813 793 2905 operis
811 2827 874 2880 etc.
898 2841 915 2876 n
936 2814 1011 2879 Non
1029 2811 1201 2878 intermisit

163 2929 255 2986 tamen
272 2918 387 2987 Gnido
408 2921 498 2986 varia
519 2942 559 2985 ex
574 2942 633 2986 suo
648 2918 812 3012 seculique
826 2919 878 2986 sui
889 2917 1021 3011 ingenio
1039 2928 1200 2999 attexere,

102 3058 104 3073 ·
165 3035 192 3088 nt
208 3022 321 3093 lectori
341 3038 468 3093 attento
492 3022 586 3092 sacile
611 3024 744 3117 patebit.
768 3021 881 3091 Italice
906 3021 1012 3090 lucem
1034 3019 1115 3088 vidit
1134 3023 1198 3089 Ve-

103 3207 105 3219 .
166 3131 258 3215 retiis,
283 3130 399 3216 1481,
414 3128 469 3198 fot
492 3130 695 3198 Germanica
713 3129 871 3196 versionis
891 3128 960 3195 MS.
979 3127 1013 3192 in
1028 3124 1109 3194 Bibl.
1129 3128 1198 3196 Cae·

103 3234 105 3279 ¹
165 3255 258 3321 turea,
271 3238 422 3303 meminit
436 3236 648 3319 Lambecius‚
662 3248 684 3303 t.
699 3236 751 3319 ΙΙ,
765 3259 796 3326 p.
811 3233 897 3326 948.
914 3233 1048 3301 Latinos
1060 3231 1199 3302 Codices

167 3337 243 3408 MSS.
266 3340 379 3409 laudat
397 3343 587 3434 Mongitor‚
607 3355 629 3408 t
652 3338 761 3408 IBibl.
780 3338 912 3423 Sicula,
931 3364 962 3433 p.
989 3336 1073 3408 266.

103 3477 106 3537 ι
206 3447 242 3512 ln
267 3449 366 3516 [nce
381 3448 536 3515 Dacherii
552 3444 736 3540 spicilegio,
755 3458 776 3513 t.
793 3448 859 3530 lv,
878 3471 908 3539 p.
931 3441 1024 3530 485,
1043 3447 1199 3512 Historia
1268 3494 1270 3498 ,

166 3551 303 3637 Homeri,
320 3552 379 3620 ubi
392 3553 474 3621 aaa
487 3555 659 3638 etDaras,
677 3551 850 3645 legendum
868 3551 927 3619 ubi
939 3552 1060 3641 Dictys
1075 3566 1110 3617 ec
1125 3552 1199 3617 Da·

103 3675 105 3732 ζ
165 3677 221 3741 res,
247 3673 292 3734 nt
302 3659 371 3750 jam
395 3673 544 3727 notatum
566 3656 679 3728 Paullo
702 3655 888 3726 Colomesio
907 3657 940 3724 in
964 3655 1044 3724 Bibl.
1064 3653 1199 3737 selecta,

103 3771 105 3776 ’
166 3781 189 3848 p·
210 3762 286 3833 168.

206 3870 261 3936 111.
277 3868 373 3938 Falso
388 3895 518 3963 quoque
536 3871 584 3937 uti
598 3869 640 3938 ad
655 3868 875 3938 Alexandrum
893 3870 939 3936 Μ.
953 3882 1140 3948 auctorem,
1156 3864 1201 3933 sic

167 3970 204 4037 td
228 3974 417 4044 Cornelium
446 3979 608 4070 Nepotem
640 3989 795 4068 tanquam
824 3977 1035 4067 interpretem
1062 3969 1203 4039 refertur
