2768 5198
520 344 801 413 EUMENES.
1120 371 1183 442 ¹9¹

184 485 227 552 V.
247 485 328 552 Haec
346 481 425 551 dum
445 481 533 575 apud
551 482 803 577 Hellespontum
823 497 1002 577 geruntur,
1021 485 1192 557 Perdiccas

134 587 222 682 apud
240 575 364 657 flumen
385 587 499 657 Nilum
520 589 717 658 interficitur
734 613 753 654 a
775 587 911 658 Seleuco
929 587 981 658 ct¹
1003 591 1190 685 Antigono;

134 718 312 788 rerumque
333 718 459 763 summa
481 693 524 762 ad
542 695 752 788 Antipatrum
772 694 929 764 defertur.
955 696 1040 780 Hic,
1060 699 1116 789 qui
1134 698 1191 766 dc·

133 798 334 886 seruerant²,
353 802 499 868 exercitu
522 799 715 894 suffragium
739 800 878 887 ferente,
904 803 1018 895 capitis
1038 803 1191 874 absentes

133 904 350 975 damnantur:
363 907 396 973 in
408 905 459 976 bis
477 907 652 974 Eumenes.
669 909 740 974 Hac
756 904 808 974 ille
822 905 992 1000 perculsus
1008 906 1105 1002 plaga
1122 934 1189 978 non

133 1011 324 1097 succubuit,
338 1036 445 1104 neque
461 1036 501 1079 eo
521 1013 626 1081 secius
644 1010 766 1080 bellum
780 1011 1027 1081 administravit.
1045 1014 1108 1083 Sed
1124 1018 1189 1084 exi-

133 1115 178 1186 les
196 1142 249 1186 res
268 1118 368 1185 animi
387 1116 667 1210 magnitudinem,
686 1119 745 1186 etsi
761 1143 829 1185 non
845 1118 1061 1212 frangebant,
1080 1135 1191 1190 tamen

133 1223 380 1292 imminuebant.
403 1226 501 1292 Hunc
527 1247 726 1316 persequens
751 1225 956 1316 Antigonus,
976 1249 1079 1317 quum
1101 1231 1191 1296 omni

132 1313 270 1423 genere³
293 1330 462 1422 copiarum
481 1328 684 1413 abundaret,
704 1353 789 1423 saepe
811 1331 844 1395 in
860 1329 1030 1399 itineribus
1049 1331 1190 1401 vexabu-

132 1449 204 1504 tur:
225 1458 333 1528 neque
350 1458 495 1528 unquam
516 1434 559 1502 ad
580 1456 715 1503 manum
736 1434 893 1503 accedere
912 1434 1047 1519 licebat,
1062 1438 1124 1504 nisi
1140 1438 1200 1530 his

132 1539 229 1625 locis,
241 1541 361 1634 quibus
382 1542 479 1635 pauci
498 1555 632 1632 possent
653 1540 764 1609 multis
782 1543 939 1609 resistere.
959 1540 1024 1609 Sed
1043 1557 1191 1612 extremo

133 1660 305 1740 tempore,
328 1666 430 1740 qutrm
458 1644 595 1714 consilio
620 1648 693 1739 capi
721 1671 787 1714 non
818 1660 954 1740 posset,
983 1646 1191 1717 multitudine

131 1754 377 1821 circumventus
398 1739 475 1820 estl.
499 1753 588 1821 Hinc
609 1765 739 1838 tamen,
761 1750 872 1819 multis
896 1754 961 1820 suis
986 1756 1133 1841 amissis,
1155 1779 1190 1823 sc

132 1991 228 2062 prium.
242 1989 467 2061 'fu-Ossaque
481 1993 506 2040 in
525 1988 639 2040 Macedo·
728 2008 752 2040 a.
774 1989 839 2053 Hic,
850 1992 891 2060 qui
901 1989 1059 2042 deseruerunt.
1077 1992 1143 2056 Hic,
1157 1990 1191 2046 de

133 2074 197 2121 num
205 2107 213 2131 ‚
228 2083 279 2123 etc.
294 2069 417 2121 Summus
434 2067 499 2120 olim
514 2068 542 2119 in
556 2068 641 2138 patria
686 2080 819 2138 tempore,
835 2087 885 2137 pro
890 2072 955 2138 jum,
972 2081 1001 2120 ut
1011 2069 1060 2120 alia
1076 2071 1128 2124 loci
1143 2069 1190 2125 ad·

133 2149 239 2221 sepeliri
253 2149 338 2201 bonor
351 2148 509 2207 habebatur,
526 2159 552 2198 et
573 2164 640 2218 pre·
672 2145 782 2200 'verbim
797 2147 857 2198 Tae.
871 2179 911 2189 -
926 2148 1190 2216 Quideserueruut.1d

131 2229 223 2281 sertim
229 2231 360 2299 majorum
367 2224 641 2290 monumentiacondi;
684 2237 737 2290 eat,
747 2226 794 2297 qui
810 2227 843 2278 ab
855 2226 988 2297 Antipatri
1000 2230 1120 2299 partibus
1134 2248 1189 2284 non

133 2307 208 2379 quod
220 2327 252 2361 ex
264 2309 343 2360 sacris
357 2325 386 2359 ac
399 2305 517 2377 profanis
532 2307 641 2376 scripto·
684 2316 860 2358 deterant-
871 2307 988 2358 Exercitu
998 2310 1142 2379 suffragium
1148 2311 1189 2377 se.

133 2386 640 2441 fibuaoonuatnlincsummavotorum
684 2398 757 2437 rente.
775 2385 883 2439 Curtius
892 2386 972 2452 V1,8
993 2406 999 2440 :
1016 2389 1078 2440 ·De
1091 2390 1189 2460 capita·

134 2485 245 2539 peregre
254 2464 586 2532 morientibus,utoaaain
598 2483 641 2536 pa·
683 2464 752 2516 libus
774 2466 870 2530 rebus,
885 2478 989 2519 vetmto
1014 2466 1190 2545 Macedonum

132 2545 211 2599 triam
222 2557 430 2618 reportarentur.
684 2562 771 2607 more,
784 2544 933 2614 inquirebat
945 2547 1083 2599 exercitus.
1098 2574 1109 2593 ·
1122 2549 1190 2602 Loc-

172 2627 238 2680 Car.
250 2628 286 2677 V.
302 2644 325 2678 1.
335 2624 466 2677 ASeleuco
472 2634 497 2674 et
505 2623 638 2692 Antigono.
684 2640 789 2674 cantus.
804 2621 874 2676 Vide
890 2622 960 2694 apud
971 2625 1093 2677 Tacitum
1103 2665 1110 2692 ,
1119 2628 1188 2681 Anu.

133 2705 221 2758 Immo
236 2707 270 2759 ab
284 2705 416 2775 equitibus
426 2703 494 2767 auia,
505 2703 527 2754 ai
540 2699 640 2754 Diodo-
683 2702 751 2753 liber
764 2702 791 2765 1,
800 2715 880 2773 caput
895 2710 948 2765 44,
964 2701 1190 2759 seditiosissimum

133 2803 179 2849 ro,
194 2785 304 2847 xvnl,
324 2784 373 2848 36,
388 2796 414 2836 et
428 2782 542 2834 Arriano
555 2779 641 2834 credi·
684 2798 815 2852 quemque
836 2782 947 2834 militem
962 2783 996 2834 ab
1016 2783 1132 2835 exercitu
1148 2787 1191 2857 ju·

132 2860 639 2929 mauretusPausaniumnicisnit,
684 2858 743 2912 dice
758 2861 851 2931 capitis
863 2859 1025 2914 damnatum.
1043 2893 1082 2904 -
1098 2862 1192 2935 Capitis

132 2961 149 2996 a
163 2940 318 2999 custodibus
327 2942 446 3013 corporis
461 2941 522 2993 suis.
535 2941 639 2992 Βοειυσ.
684 2939 790 2990 absentas
818 2940 968 2992 damnantur.
994 2941 1193 3013 Quinquaginta

130 3022 252 3085 Sefeucut,
261 3021 386 3076 Antiochi
392 3021 477 3084 filius,
485 3019 641 3089 Philopator
685 3018 742 3083 alii,
752 3018 796 3070 alii
807 3019 892 3071 solum
900 3020 1060 3083 Eumenem,
1067 3033 1191 3092 tanquam

131 3099 238 3168 dietus,
260 3102 324 3173 qui,
344 3113 451 3155 mortuo
476 3096 640 3163 Alexandro,
684 3097 847 3169 principem,
862 3097 1015 3151 damnatum
1031 3116 1192 3156 commemo·

130 3181 210 3252 Syria
221 3194 249 3234 et
259 3181 396 3251 Babylone
406 3179 507 3251 potitus
518 3189 564 3230 ert.
571 3175 641 3229 Vide
684 3191 751 3230 raut.

132 3258 466 3325 Cedrenum,Arriaunm,
478 3255 640 3322 Diodorum,
727 3257 752 3311 3.
767 3257 917 3327 Antigonus,
936 3277 1006 3330 qutun
1020 3263 1084 3311 omni
1097 3279 1191 3330 genere.

131 3352 162 3394 et
175 3341 250 3394 aliea.
271 3340 410 3409 Antigonen
428 3356 508 3402 vero,
524 3336 640 3408 Philippi
684 3337 739 3402 Qui
752 3337 890 3407 prefectus
904 3337 989 3390 fuerat
1005 3338 1038 3390 ab
1052 3340 1193 3412 Antipatro
1247 3354 1250 3359 ’

132 3420 204 3492 regis
217 3420 339 3491 spurius,
357 3419 403 3490 qui
419 3420 447 3470 in
463 3416 523 3468 Asia
538 3416 642 3468 minore
685 3434 784 3487 magne
798 3415 919 3487 Phrygio
931 3429 957 3470 et
968 3417 1079 3480 Cilicia,
1089 3433 1192 3493 etpre-

131 3497 181 3552 din
188 3497 389 3552 dominatorest.
397 3528 436 3540 -
446 3497 642 3566 fletumquesum·
685 3508 756 3548 terea
764 3496 890 3548 exercitui
898 3499 972 3567 regio
986 3515 1097 3568 preesse
1106 3503 1193 3573 iupus

132 3579 387 3649 adlaturam.
395 3574 530 3630 Diodorus
539 3589 641 3637 narum,
685 3588 757 3640 erat,
780 3573 1004 3646 quemadmodum
1025 3575 1106 3631 tradit
1126 3580 1192 3633 Dio·

132 3672 276 3730 antequam
293 3657 345 3710 boe
359 3656 456 3710 factum
476 3655 524 3718 sit,
537 3653 642 3726 imperii
685 3653 774 3707 dorna.
789 3656 911 3707 Latroni.

131 3756 265 3792 summam
280 3749 306 3789 et
317 3755 410 3808 regum
422 3734 585 3788 curationem
601 3733 643 3784 Pi·
728 3740 754 3796 4.
777 3734 934 3787 Multitudine
954 3738 1122 3790 cimurnrentus
1148 3751 1191 3792 cst.

133 3817 213 3870 thoni
227 3828 254 3870 et
268 3814 387 3881 Aridaeo,
397 3813 431 3868 de
441 3814 569 3867 sententia
579 3812 642 3865 Pto·
686 3811 867 3866 Proditionem
883 3815 972 3867 innuit
986 3815 1191 3880 Plutarchum.

134 3892 639 3962 lemoietldacedonum,delatamease.
685 3891 1192 3964 1X3etproditoremApollonidempro·

135 3976 258 4029 Lanu.
272 3973 348 4028 Idem
358 3975 439 4028 refert
452 3987 478 4026 et
486 3973 620 4025 Arrianus.
686 3969 759 4024 ducit
778 3970 926 4036 Diodorus,
940 3970 1050 4037 XVlll,
1069 3981 1114 4036 4¹·
1131 3973 1191 4026 Tae.
