2768 5198
250 778 321 860 166
505 770 772 839 CORNELII
800 770 1027 837 NEPOTIS

243 905 370 975 Gracia
389 902 628 972 conductorum
653 901 714 968 tria
737 898 863 986 millia,
889 899 968 969 levis
990 914 1163 968 armamrae
1187 905 1296 971 maxi-

242 1034 333 1079 mum
354 1033 537 1077 numerum.
561 1010 629 1074 Has
642 1006 798 1074 adversus
820 1007 932 1098 copias
949 1030 1024 1100 spes
1045 1007 1152 1074 omnis
1170 1010 1295 1076 causis

242 1115 333 1184 rebat
345 1116 527 1183 Datamisa
538 1138 573 1181 se
585 1110 713 1204 locique
731 1125 864 1179 natura:
880 1136 1021 1205 namque
1033 1097 1150 1204 hujus
1165 1127 1294 1207 partem

243 1244 310 1288 non
327 1219 471 1288 habebut
491 1218 678 1286 vicesimam
693 1215 842 1284 militum.
863 1216 993 1310 Quibus
1008 1217 1111 1285 fretus
1128 1218 1294 1302 conflixit,

243 1324 570 1416 adversariorumque
586 1321 690 1390 multa
712 1318 812 1389 millia
832 1322 990 1405 concidit;
1006 1346 1108 1416 quum
1129 1321 1200 1391 de
1192 1325 1295 1418 ipsius

243 1432 388 1499 exercitu
399 1452 467 1499 non
485 1426 623 1523 amplius
637 1428 809 1496 hominum
825 1426 912 1496 mille
926 1427 1095 1497 cecidisset
1109 1453 1117 1494 :
1132 1451 1234 1520 quam
1244 1429 1295 1497 ob

242 1558 374 1605 eausam
395 1549 528 1628 postero
545 1532 598 1601 die
616 1547 776 1627 tropaeum
797 1534 921 1626 posuit,
942 1559 1009 1626 quo
1027 1532 1099 1602 loco
1117 1533 1224 1626 pridie
1236 1558 1294 1628 pu·

192 1659 199 1666 ’
242 1655 377 1759 gnatum
387 1655 466 1709 erat
482 1641 568 1707 Hinc
581 1663 683 1732 quum
700 1652 807 1707 castra
819 1640 988 1721 movisset,
1004 1661 1197 1732 semperque
1211 1639 1294 1707 infe·

242 1748 310 1814 rior
323 1747 439 1841 copiis,
449 1746 597 1839 superior
609 1742 762 1812 omnibus
775 1741 893 1859 praeliis
908 1743 1104 1830 discederet,
1113 1743 1202 1836 quod
1214 1767 1296 1812 nun·

242 1874 341 1944 quam
357 1875 493 1920 manum
511 1862 711 1935 consereret,
729 1849 791 1916 nisi
806 1870 908 1940 quum
923 1848 1126 1917 adversarios
1144 1845 1295 1918 laconum

242 1959 398 2050 angustiis
425 1955 615 2039 clausisset,
640 1953 730 2048 quod
756 1954 863 2047 perito
890 1956 1061 2047 regionum
1075 1941 1295 2048 ⁴callideque

242 2064 400 2156 cogitanti
421 2085 506 2154 saepe
533 2006 723 2127 accidebat·
715 2058 1025 2153 „Autophradates
1043 2082 1145 2151 quum
1168 2057 1293 2128 bellum

241 2165 318 2235 duci
331 2169 455 2259 majore
473 2167 558 2259 regis
573 2163 772 2250 calamitate,
785 2188 884 2258 quam
898 2164 1178 2251 adversariorum,
1196 2163 1295 2234 vide-

242 2285 310 2357 ret,
321 2271 364 2339 ad
381 2295 496 2365 pacem
513 2271 753 2363 amicitiamque
770 2270 920 2339 hortatus
935 2285 999 2357 est,
1017 2285 1055 2338 ut
1067 2294 1144 2339 curn
1163 2294 1243 2364 rege
1259 2273 1295 2338 in

242 2378 383 2470 gratiam
404 2376 533 2445 rediret.
557 2376 667 2463 Quam
688 2373 742 2443 ille
762 2377 822 2443 etsi
841 2374 942 2444 fidam
962 2400 1030 2444 non
1044 2375 1115 2444 fore
1135 2376 1293 2469 ptrtabat3

242 2496 351 2551 tamen
372 2483 592 2553 conditionem
614 2482 759 2574 accepit,
779 2500 878 2574 seque
900 2481 942 2548 ad
965 2482 1178 2549 Artaxerxem
1207 2480 1295 2575 lega-

241 2602 291 2657 tos
311 2590 486 2657 missurum
509 2588 596 2656 dixit
618 2588 671 2655 Sic
689 2585 833 2672 bellum,
853 2586 941 2680 quod
962 2611 1019 2654 rex
1040 2585 1196 2655 adversus
1220 2589 1294 2655 Da-

241 2707 360 2761 tamem
382 2706 569 2785 susceperat
585 2691 732 2759 sedatum
749 2717 756 2756 :
775 2692 1041 2785 Autophradates
1062 2694 1094 2759 in
1117 2691 1294 2786 Phrygiam

240 2821 273 2864 se
297 2799 429 2891 recepit.>

291 2904 351 2969 lx.
371 2905 414 2969 At
430 2925 504 2988 rex,
524 2900 614 2994 quod
632 2899 835 2995 implacabile
851 2901 962 2971 odium
981 2904 1016 2969 in
1033 2905 1208 2972 Datamcm
1227 2927 1296 2971 sus·

242 3022 389 3102 ceperat,
410 2996 585 3101 postquam
606 3004 692 3073 bello
705 3031 780 3074 eum
798 3009 939 3101 opprimi
954 3032 1021 3077 non
1038 3032 1133 3102 posse
1145 3008 1295 3076 animad-

240 3111 484 3200 vertit,insidiis
504 3110 686 3180 interficere
708 3112 832 3181 studuit
853 3138 859 3179 :
883 3137 964 3206 quas
983 3111 1035 3181 ille
1054 3111 1226 3208 plerasque
1243 3116 1294 3182 vi·

242 3221 331 3287 tavit.
347 3215 453 3286 Sicut¹
464 3242 567 3310 quum
576 3218 761 3285 nuntiatum
772 3233 873 3303 esset,
886 3216 1044 3312 quosdam
1056 3218 1116 3287 sibi
1129 3216 1294 3305 insidiari,

242 3325 297 3417 qui
322 3324 356 3390 in
375 3325 555 3391 amicorum
576 3337 671 3390 erant
689 3348 827 3391 numero
841 3316 904 3410 (de
917 3323 1052 3417 quibus,
1065 3322 1155 3417 quod
1169 3326 1293 3394 inimici

240 3428 439 3514 detulerant,
458 3453 563 3523 neque
585 3428 804 3514 credendum,
824 3453 929 3522 neque
950 3427 1180 3522 negligendum
1196 3445 1293 3524 puta·

239 3536 287 3603 vit
297 3528 327 3624 );
339 3534 477 3627 experiri
488 3532 608 3619 voluit,
621 3558 736 3603 verum
747 3532 906 3603 falsumne
918 3549 1002 3602 esset
1012 3533 1160 3603 relatum.
1175 3537 1294 3629 Itaque

239 3664 278 3706 eo
295 3638 462 3732 profectus
475 3654 543 3724 est,
557 3664 624 3732 quo
637 3641 751 3707 itinere
765 3639 890 3708 futuras
908 3639 1041 3707 insidias
1056 3639 1215 3708 dixerant.
1227 3639 1293 3709 Sed

239 3741 335 3837 elegit
354 3768 492 3836 corpore
514 3759 547 3811 et
566 3758 690 3814 statura
710 3743 908 3812 simillimum
930 3747 980 3812 sui
990 3742 1012 3831 ²,
1029 3747 1121 3839 eique
1134 3746 1293 3815 vestitum

279 3944 304 3996 3.
321 3945 429 4015 Namque
447 3945 517 4015 lapus
528 3959 630 4015 portem.
644 3944 741 4013 Hujcu,
787 3944 1168 4014 tie—Quumnanriatmut,
1177 3947 1295 4018 guarda

239 4022 332 4095 supple
341 4042 459 4090 numeri
469 4043 516 4077 seu
527 4025 662 4077 exercitur.
786 4025 831 4075 sttt
846 4025 963 4077 insidiari.
972 4024 1042 4077 Vide
1055 4025 1223 4098 Polymnum,
1224 4026 1296 4094 vn,

278 4109 305 4166 6.
320 4103 402 4155 Perire
428 4106 558 4173 regionam
582 4100 614 4153 ld
638 4113 692 4167 est,
714 4113 743 4153 ut
788 4109 935 4168 ¹1,.-·-6
954 4104 1051 4173 Quod
1041 4108 1131 4157 ιιιίιιιὶεὲ
1147 4105 1292 4159 dm.

239 4182 275 4234 ιιι
283 4180 533 4252 Sallusuuspauim
542 4139 741 4233 locommsci'intr'.
785 4179 816 4234 Id
824 4194 876 4246 est
892 4184 1037 4237 amicorum
1053 4202 1162 4238 sumum
1178 4184 1293 4238 inimici.

238 4257 742 4330 Quorumadmodumducipmdertpe·
826 4281 851 4314 ι.
864 4263 1058 4333 Ebgitcorpore
1072 4275 1098 4315 et
1110 4265 1293 4316 amantius!-

240 4340 306 4393 ritia.
316 4371 355 4385 -
365 4341 441 4401 Daci,
453 4354 483 4392 ut
491 4339 603 4411 passim,
611 4357 661 4411 pro
669 4339 740 4390 trahi.
785 4339 864 4395 ἰιίιιω
876 4347 921 4393 sut.
933 4342 1051 4412 Utraque
1065 4355 1124 4414 apta
1142 4340 1176 4395 ad
1195 4344 1292 4397 felleo-

276 4418 339 4472 Crr.
351 4419 399 4473 tx.
417 4442 438 4471 ι.
452 4418 527 4472 Sicut.
544 4418 667 4489 Exempli
682 4436 741 4488 gra·
784 4416 865 4487 dum,
879 4421 1024 4489 pratorum
1039 4421 1135 4492 quibua
1150 4433 1176 4484 ιι
1191 4434 1293 4479 statur·
