2768 5198
1362 491 1366 500 .

226 788 298 861 126
482 785 754 857 CORNELII
779 788 1009 856 NEPOTIS

221 921 385 1007 discessit,
404 943 504 1013 quam
516 932 620 988 totam
633 915 772 989 insulam
787 916 874 987 bello
889 917 1097 1002 devinceret3
1110 941 1177 1012 qua
1191 945 1233 990 ex
1247 948 1283 991 re

221 1027 437 1096 Athenienses
451 1049 604 1120 magnam
620 1025 760 1119 gloriam
776 1039 853 1094 sumt
869 1023 988 1120 adepti
1003 1026 1141 1093 Interim
1159 1025 1284 1096 bellurn

222 1135 307 1203 inter
337 1134 507 1226 AEgyptios
536 1145 571 1200 et
599 1133 715 1201 Persas
742 1130 921 1201 conflatum
947 1144 998 1199 est
1020 1118 1043 1199 ⁴.
1067 1130 1284 1203 Athenienses

223 1264 300 1309 cum
319 1240 499 1307 Artaxerxe
521 1238 712 1306 societatem
732 1236 922 1324 habebant,
943 1236 1185 1308 lacedemonii
1206 1263 1284 1308 cum

223 1346 429 1439 Egyptian
446 1343 565 1437 quibus
580 1366 726 1438 magnas.
732 1343 860 1438 prndas
874 1341 1062 1438 Agesilaus,
1079 1364 1137 1413 rex
1149 1368 1285 1434 eorum,

224 1435 391 1521 faciebat⁵.
405 1449 446 1519 Id
466 1451 596 1519 intuens
607 1449 788 1536 Chabrias,
801 1473 906 1544 quum
925 1450 959 1516 in
977 1474 1014 1518 re
1027 1447 1118 1519 nulla
1130 1449 1285 1545 Agesilao

147 1553 151 1556 ’
223 1555 373 1641 eederet,
402 1540 491 1625 sua⁶
513 1569 630 1650 sponte
651 1580 708 1625 eos
733 1555 883 1649 adjutum
913 1554 1103 1649 profectus,
1124 1557 1286 1652 AEgyptiae

216 1661 318 1734 elassi
340 1661 494 1756 praefuit;
514 1661 719 1755 pedestribus
737 1664 839 1756 copiis
856 1659 1033 1755 Agesilaus.

276 1770 339 1836 Ill.
361 1770 447 1835 Tum
467 1767 612 1862 praefecti
626 1770 711 1862 regis
727 1769 846 1836 Persiae
865 1765 990 1861 legatos
1007 1769 1169 1836 miserunt
1181 1768 1285 1837 Athe·

224 1898 284 1944 nas
293 1887 464 1968 questum,
485 1873 574 1966 quod
595 1873 755 1943 Chabrias
773 1872 948 1942 adversum
964 1896 1075 1968 regem
1090 1871 1213 1942 bellum
1229 1900 1285 1968 ge·

224 1995 312 2050 reret
338 2004 415 2048 cum
436 1981 606 2073 AEgyptiis.
629 1980 846 2049 Athenienses
872 1978 960 2047 hem
983 1993 1107 2048 certam
1129 1976 1285 2050 Chabriae

120 2089 127 2103 ‘
224 2087 469 2181 praestituerunt
493 2083 521 2170 ¹,
542 2109 641 2178 quam
662 2099 740 2155 ante
756 2085 892 2155 domum
912 2085 974 2153 nisi
997 2083 1149 2172 redisset,
1168 2087 1286 2181 capitis

225 2216 260 2261 se
280 2189 370 2259 illum
386 2189 599 2258 damnaturos
619 2189 864 2260 denuntiarunt
887 2193 961 2259 Iloe
979 2188 1033 2259 ille
1052 2192 1169 2259 nuntio
1184 2191 1286 2261 Athe

224 2321 283 2365 nas
304 2294 418 2380 rediit3
439 2320 545 2389 neque
565 2295 610 2364 ibi
627 2295 749 2366 diutius
769 2311 820 2366 est
838 2311 1001 2380 moratus,
1019 2319 1120 2390 quam
1143 2296 1206 2366 fuit
1227 2322 1285 2367 ne-

225 2425 322 2471 cesse.
337 2404 414 2472 Non
426 2403 513 2470 enim
527 2399 667 2470 libenter
677 2416 748 2470 erat
761 2400 771 2425 ²
784 2416 859 2471 ante
871 2402 984 2470 oculos
997 2403 1118 2471 civium
1127 2426 1283 2472 suorum:

225 2507 314 2603 quod
332 2521 366 2576 et
381 2505 514 2576 vivebat
529 2505 632 2594 laute,
650 2521 683 2576 et
698 2506 890 2604 indulgebat
909 2506 970 2576 sihi
984 2505 1166 2596 liberalius,
1183 2522 1283 2603 quain

224 2715 652 2787 AdeumdemEvagoram,praelio
659 2714 731 2789 apud
779 2717 899 2769 Tacbum
918 2714 1064 2788 adjuvisse,
1079 2735 1133 2769 non
1156 2717 1286 2771 Nectana-

226 2800 306 2868 AEgos
324 2795 423 2848 llumen
442 2796 509 2848 male
524 2808 655 2867 pugnato,
670 2814 731 2866 per-
778 2795 839 2861 bin,
850 2809 938 2849 namt
951 2796 1124 2860 Plutamhus,
1139 2797 1287 2864 XXXVII,

225 2877 327 2948 fugerat
339 2876 442 2928 Conon.
458 2874 528 2927 Huic
541 2875 685 2929 Chabriam
698 2875 731 2928 ab
779 2876 825 2927 ubi
848 2888 935 2928 tamen
956 2875 992 2929 de
1011 2876 1130 2947 Agesilao
1146 2878 1286 2930 sumentis.

224 2955 443 3021 Atheniensibus,
462 2952 585 3007 adversus
608 2955 731 3007 Artaxer·
778 2986 819 2997 —
830 2954 982 3007 Pedestn'bus
996 2959 1079 3025 copiis.
1093 2955 1128 3008 Et
1142 2954 1245 3027 pedites
1260 2963 1287 3008 e't

225 3054 300 3100 aem,
311 3033 459 3104 adjutorem
473 3032 566 3087 datum
578 3032 731 3087 scribitxe·
778 3035 878 3105 equites
891 3034 1022 3106 intelligit.

226 3114 352 3187 nopbou,
364 3114 383 3167 l.
398 3132 421 3166 c.
818 3113 882 3167 Car.
892 3113 942 3167 111.
953 3133 977 3167 r.
987 3115 1059 3166 Diem
1071 3126 1160 3165 esrem
1172 3115 1286 3169 Clsadrr'ae

267 3200 293 3258 4.
303 3194 439 3264 condatum
445 3205 488 3244 est.
498 3190 732 3263 Italoquiturllir·
775 3196 962 3262 praestituerint.
977 3193 1072 3247 cerum
1085 3193 1173 3246 omitti
1190 3195 1218 3246 iu
1234 3194 1287 3247 boe

226 3274 291 3338 tius,
307 3273 387 3336 VIII,
402 3276 437 3326 6:
454 3271 531 3324 -Sub
544 3285 647 3342 tempus
662 3271 731 3323 nsti-
779 3290 848 3324 nexu
859 3273 931 3326 solet.
942 3272 1004 3326 Tra.
1015 3273 1086 3325 Diem
1096 3278 1287 3342 praestituerunt.

226 3371 320 3406 vorum
349 3351 453 3404 nullum
477 3369 610 3403 summum
632 3349 731 3402 bellum
779 3352 857 3404 Diem
869 3352 1081 3422 prnliniverunt,
1094 3351 1223 3423 elegantia
1241 3371 1288 3404 ro·

225 3451 302 3504 posse
321 3431 452 3496 conflari3
471 3457 481 3476 ι
508 3430 543 3483 Et
568 3427 646 3482 initio
664 3428 732 3483 Belli
779 3449 864 3483 mana.
877 3432 952 3485 Curt.
961 3432 1113 3496 1.111,e.1:
1127 3431 1287 3504 «Postquam

224 3509 351 3565 Alexand.
361 3511 458 3564 Noster
465 3509 732 3563 Eumenenlnterim
779 3509 846 3562 nihil
863 3508 923 3562 inde
938 3509 1054 3581 presidii
1069 3511 1237 3577 mittebatur,
1253 3510 1287 3565 ad

226 3589 338 3651 uonflata
351 3591 395 3643 illa
408 3591 484 3643 bella.
497 3616 508 3636 ·
520 3586 596 3642 Adde
608 3588 731 3641 Patercu-
778 3591 950 3658 praestitutam
958 3589 1030 3642 diem
1045 3591 1189 3660 permisere
1200 3593 1284 3662 regi·

224 3669 295 3733 lum,
309 3670 348 3731 II,
364 3675 396 3721 55
407 3687 416 3735 ;
427 3669 599 3735 Ciceronem,
610 3665 644 3720 de
655 3669 733 3720 Arua-
780 3667 872 3722 Cicero
887 3670 916 3721 in
931 3670 1044 3722 Verrem
1057 3682 1083 3722 et
1097 3670 1172 3723 alibi:
1184 3696 1196 3718 ι
1209 3671 1287 3723 Diem

225 3748 315 3820 picum
325 3748 456 3818 responsis
466 3766 472 3800 ε
483 3775 494 3794 ι
504 3745 612 3800 Clodius
620 3746 732 3799 nefarias
779 3748 919 3817 praestituit
938 3751 1013 3820 operi
1028 3747 1149 3802 iaciendo
1166 3749 1221 3804 kal.
1240 3749 1287 3803 de·

226 3845 287 3882 cum
298 3827 387 3878 multis
399 3827 527 3880 scelerum
540 3825 674 3897 pactiones
688 3844 730 3877 so·
779 3827 877 3878 cembr.
891 3853 902 3873 ·
924 3829 985 3881 Dies
1000 3842 1087 3882 autem
1102 3829 1250 3900 prestitum
1269 3833 1285 3887 ἡ

226 3905 521 3977 eietatesqueeonflarit.
532 3931 543 3952 ·
554 3905 654 3958 Dehoe
661 3904 731 3956 bello
778 3906 922 3976 προθεσμία.
937 3906 1079 3962 Gannaan.
1094 3939 1135 3951 -
1149 3908 1287 3962 Demus

226 3983 287 4040 vide
302 3983 414 4039 Diodor.
430 3985 493 4050 XV,
507 3998 534 4038 et
548 3984 618 4037 Plut.
635 3983 731 4053 Agesil.
778 3997 842 4038 runt.
867 3985 962 4039 Minati
981 4001 1050 4041 aunt.
1074 3987 1125 4041 Hic
1146 3979 1240 4053 enim,
1257 4001 1288 4041 nt

269 4064 294 4118 5.
309 4067 337 4116 A
348 4064 431 4135 quibus
446 4084 545 4134 magnas
552 4063 649 4133 predas
661 4065 731 4132 Age·
778 4059 887 4135 passim,
896 4067 1074 4136 praepositioni
1083 4068 1148 4119 deca
1154 4069 1196 4121 vis
1204 4069 1287 4133 inest,

227 4143 488 4210 silaus...sacs'ebat.ld
496 4156 548 4207 est,
557 4161 571 4194 a
580 4142 689 4213 quibus,
698 4141 731 4195 ad
779 4156 809 4196 ut
822 4158 896 4198 notet
911 4147 989 4200 ruinis
1001 4146 1098 4200 additis
1112 4145 1240 4202 indicere.

226 4223 383 4279 hoebellum
390 4221 732 4292 gerendummultismune·
821 4244 846 4277 a.
861 4225 918 4278 Non
932 4232 992 4278 emin
1004 4227 1103 4278 ls'berster
1116 4239 1177 4280 erat.
1194 4229 1288 4300 Ingra-

226 4306 300 4359 rihais
312 4302 468 4356 donabatur.
484 4328 495 4348 «
506 4301 635 4354 Maximus
648 4319 731 4373 quaes·
779 4303 823 4356 tiis
840 4305 912 4357 enim
923 4305 994 4377 apud
1005 4307 1075 4359 cives
1092 4324 1153 4358 suos
1165 4309 1288 4361 versaba-

227 4381 730 4456 tuapradasqueleciase.·Cic.inVerr.
779 4385 1287 4460 tunDuctahaesuntexTheopompo.

267 4468 293 4517 6.
308 4464 359 4518 Sua
377 4474 466 4532 sponte.
488 4461 566 4517 Conf.
583 4479 671 4534 supra.
696 4464 731 4515 At
779 4465 1287 4534 cujusverhuemviramen,xl1,a.
