2768 5198
160 815 242 861 ων
524 792 858 860 TESTIMONIA

60 917 63 924 ’
159 923 213 992 vel
229 925 282 1018 jus
297 922 473 991 tribunitiae
492 925 679 1016 potestatis,
698 921 749 991 vel
771 923 999 991 auctoritatem
1023 938 1173 1010 senatus,
1190 939 1223 993 et

160 1027 248 1123 leges
278 1030 444 1121 antiquas,
467 1042 500 1096 et
526 1053 652 1097 morem
675 1029 837 1120 majorum
865 1027 1080 1115 defendente,
1107 1029 1221 1124 populi

160 1132 309 1202 libertate
337 1134 478 1228 denique
499 1134 648 1203 nondum
671 1159 806 1229 prorsus
827 1158 1001 1229 oppressa,
1023 1132 1123 1203 libere
1145 1137 1221 1229 qui-

160 1239 236 1308 dem
258 1240 329 1308 haec
348 1240 517 1329 dicuntur,
536 1240 592 1310 sed
615 1264 721 1335 neque
742 1240 984 1334 imprudenter,
1003 1255 1036 1309 et
1050 1241 1119 1309 sine
1134 1242 1223 1335 peri·

162 1344 246 1415 culo.
267 1348 306 1413 ln
322 1344 528 1440 Thrasybulo
547 1338 672 1432 (VIII,
693 1372 733 1433 2,
752 1339 823 1435 4,)
838 1347 883 1416 sic
905 1371 912 1413 :
940 1376 957 1410 α
973 1348 1090 1439 Neque
1111 1361 1223 1415 tamen

160 1476 223 1545 pro
240 1453 395 1545 opinione
417 1450 612 1546 Thrasybuli
634 1467 738 1521 auctae
756 1467 833 1520 sunt
849 1476 948 1546 opes;
967 1476 1045 1519 nam
1060 1453 1128 1546 jam
1151 1467 1222 1521 tum

160 1555 222 1626 illis
247 1558 450 1651 temporibus
474 1559 589 1627 fortius
616 1558 694 1626 boni
722 1583 786 1652 pro
811 1557 961 1626 libertate
983 1557 1224 1651 loquebantur,
1250 1544 1254 1557 ¹

160 1687 258 1756 quam
278 1665 511 1758 pugnabant.»
529 1664 699 1758 Significat
713 1679 829 1732 auctor
849 1663 946 1756 hujus
967 1662 1060 1746 libri,
1073 1663 1225 1732 homines

161 1771 259 1837 etiam
278 1771 481 1864 temporibus
503 1769 583 1857 illis,
602 1769 720 1862 quibus
743 1771 823 1837 vixit
839 1767 1084 1861 Thrasybulus,
1104 1794 1224 1863 quem·

161 1874 339 1944 admodum
370 1878 460 1957 suis,
487 1879 667 1970 paratiores
697 1875 738 1943 ad
765 1874 1003 1943 defendendam
1038 1873 1225 1944 libertatem

163 1979 262 2050 trisse
280 1981 411 2060 verbis,
429 2005 527 2075 quam
550 1980 653 2050 factis.
674 1982 726 2048 Ex
744 2005 809 2074 quo
831 1979 1010 2075 intelligere
1030 1979 1126 2066 licet,
1147 2005 1224 2049 eum

162 2084 305 2154 libertati
326 2086 464 2171 favisse,
483 2101 551 2155 eta
569 2088 716 2181 potentia
736 2085 893 2181 singulari
915 2087 1061 2154 animum
1081 2084 1225 2154 alienum

162 2191 336 2260 hahuisse:
356 2192 444 2285 quod
463 2191 559 2286 longe
580 2216 672 2261 secus
692 2206 795 2278 esset,
809 2194 836 2261 si
851 2192 1031 2261 Theodosii
1051 2206 1146 2260 aetate
1164 2192 1224 2261 flo-

163 2299 288 2366 ruisset.
297 2297 417 2366 Videat
432 2297 535 2367 lector
553 2312 586 2365 et
600 2323 672 2391 quae
687 2296 730 2365 ad
748 2297 837 2365 hunc
852 2296 961 2367 locum
983 2299 1224 2367 annotavimus.

163 2406 205 2470 ln
227 2404 337 2471 Dione
359 2397 436 2492 (X,
456 2427 502 2498 9,
528 2401 548 2473 5
556 2396 591 2491 ,)
614 2405 687 2472 sic:
715 2433 731 2466 κ
748 2404 829 2489 Hic,
849 2405 933 2473 sicut
955 2417 1031 2471 ante
1050 2428 1136 2497 saepe
1157 2403 1226 2473 die·

164 2522 235 2578 tum
254 2524 320 2597 est,
334 2535 432 2603 quam
450 2510 554 2578 invisa
570 2511 611 2578 sit
628 2508 800 2603 singularis
814 2511 978 2603 potentia,
993 2524 1027 2577 et
1040 2509 1227 2578 miseranda

165 2616 251 2703 vita,
280 2617 393 2708 quise
421 2617 541 2703 metui,
564 2640 662 2708 quam
683 2616 807 2700 amari,
827 2613 973 2701 malunt,
1001 2616 1105 2685 cuivis
1133 2613 1229 2684 facile

164 2718 332 2788 intellectu
345 2721 438 2789 suit.»
451 2722 560 2789 Etiam
573 2720 627 2790 hic
643 2721 735 2789 locus
749 2735 948 2815 argumento
961 2734 1028 2806 est,
1041 2745 1108 2788 non
1124 2719 1230 2789 solum

166 2825 391 2919 tyrannidem,
405 2852 477 2921 quae
493 2851 623 2919 semper
638 2828 773 2920 injusta,
785 2842 818 2895 et
832 2826 908 2895 odio
923 2826 1023 2921 digna
1035 2841 1100 2911 est,
1112 2851 1229 2894 verum

165 2933 262 2999 etiam
293 2931 489 3026 singularem
520 2935 726 3026 potentiam,
750 2958 822 3025 quae
848 2946 957 3026 potest
981 2956 1051 3001 esse
1072 2933 1161 3025 justa
1196 2945 1230 3001 et

167 3028 290 3132 populo
309 3052 419 3131 grata,
440 3036 544 3132 qualis
565 3054 615 3107 est
632 3040 796 3131 justorum
825 3063 958 3132 regum,
976 3038 1054 3106 huic
1077 3038 1229 3133 scriptori

165 3145 302 3212 invisam
318 3144 425 3213 luisse.
439 3143 537 3232 Quod
554 3145 580 3213 si
594 3144 649 3213 hic
666 3143 766 3226 liber,
776 3142 962 3214 Theodosio
976 3144 1151 3238 imperium
1168 3144 1228 3212 ob·

167 3250 305 3334 tinente,
321 3252 463 3344 scriptus
484 3264 587 3331 esset,
600 3253 686 3319 itane
704 3249 840 3319 licenter
854 3265 888 3319 et
905 3264 1017 3343 aperte
1035 3249 1134 3341 hujus
1156 3247 1230 3317 libri

166 3355 276 3450 opifex
301 3355 457 3425 adversus
482 3354 680 3451 singularem
708 3357 911 3450 potentiam,
935 3380 1007 3448 quae
1034 3354 1114 3423 nihil
1141 3352 1230 3423 aliud

166 3476 232 3545 est,
254 3486 352 3555 quam
375 3462 524 3556 μοναρχία
549 3477 607 3531 aut
634 3462 791 3549 βασιλεία,
808 3461 878 3532 -hoc
896 3475 962 3546 est,
983 3485 1139 3554 regnum,
1158 3459 1232 3553 styli

167 3569 217 3636 sui
235 3592 429 3637 mucronem
455 3567 700 3637 destrinxisset?
717 3570 757 3635 ln
775 3563 1005 3661 Epaminonda
1027 3560 1139 3653 (XV,
1161 3590 1234 3654 10,

170 3669 213 3759 3,
228 3667 328 3761 lsie:
358 3702 375 3738 a
398 3674 476 3762 Quo
494 3687 660 3770 tempore,
681 3674 766 3743 duce
784 3671 957 3766 Pelopida,
972 3670 1083 3741 exules
1100 3671 1231 3740 Thebas

166 3793 389 3873 occuparunt,
399 3793 432 3846 et
444 3779 629 3873 praesidium
640 3778 966 3849 Lacedaemoniorum
980 3802 1021 3846 ex
1037 3802 1113 3847 arce
1127 3801 1233 3870 expu-

168 3883 715 3979 lerunt,Epaminondas,quamdiu
724 3885 810 3952 facta
818 3898 867 3952 est
876 3883 1234 3971 caedeseivium‚dom0

169 4015 203 4059 se
219 3992 342 4077 tenuit,
354 3990 443 4084 quod
458 4015 565 4085 neque
581 3989 684 4060 malos
695 3988 870 4058 defendere
885 3989 1037 4078 volebat,
1048 4013 1154 4083 neque
1168 3991 1234 4056 im-

169 4120 338 4190 pugnare,
354 4122 396 4166 ne
414 4121 530 4167 manus
548 4121 683 4166 suorum
698 4096 855 4191 sanguine.
869 4110 1076 4166 cruentaret:
1092 4118 1236 4187 namque

169 4227 300 4271 omnem
315 4202 444 4272 civilem
457 4205 628 4273 victoriam
644 4201 807 4273 funestam
820 4204 966 4298 putabat.
986 4232 1003 4268 a
1025 4198 1166 4272 Videtur
1183 4200 1235 4270 his

170 4308 278 4378 verbis
300 4323 412 4377 noster
428 4312 569 4404 scriptor
586 4324 619 4377 et
634 4307 708 4377 belli
725 4307 832 4381 civilis
852 4324 1020 4393 auctores,
1040 4308 1236 4402 Pompeium

170 4429 203 4485 et
230 4414 418 4504 Caesarem,
443 4417 477 4483 in
499 4440 566 4510 quo
592 4430 719 4487 tantum
745 4418 911 4510 sanguinis
936 4412 1040 4485 civilis
1063 4413 1236 4507 profusum
