<?xml version="1.0" encoding="UTF-8"?>
<!DOCTYPE html PUBLIC "-//W3C//DTD XHTML 1.0 Transitional//EN"
    "http://www.w3.org/TR/xhtml1/DTD/xhtml1-transitional.dtd">
<html xmlns="http://www.w3.org/1999/xhtml" xml:lang="en" lang="en">
 <head>
  <title>
</title>
<meta http-equiv="Content-Type" content="text/html;charset=utf-8" />
  <meta name='ocr-system' content='tesseract 3.04.00' />
  <meta name='ocr-capabilities' content='ocr_page ocr_carea ocr_par ocr_line ocrx_word'/>
</head>
<body>
  <div class='ocr_page' id='page_1' title='image "./corneliusnepos02nepogoog_0032.png"; bbox 0 0 2706 4770; ppageno 0'>
   <div class='ocr_carea' id='block_1_1' title="bbox 236 333 1104 418">
    <p class='ocr_par' dir='ltr' id='par_1_1' title="bbox 236 333 1104 418">
     <span class='ocr_line' id='line_1_1' title="bbox 236 333 1104 418; baseline 0.025 -22"><span class='ocrx_word' id='word_1_1' title='bbox 236 333 568 402; x_wconf 81' lang='lat' dir='ltr'><strong>TESTIMONIA</strong></span> <span class='ocrx_word' id='word_1_2' title='bbox 595 337 660 403; x_wconf 89' lang='grc' dir='ltr'>ΕΤ</span> <span class='ocrx_word' id='word_1_3' title='bbox 685 339 912 410; x_wconf 82' lang='lat' dir='ltr'>JUDICIA.</span> <span class='ocrx_word' id='word_1_4' title='bbox 1007 371 1104 418; x_wconf 83' lang='lat' dir='ltr'>xxxv</span> 
     </span>
    </p>
   </div>
   <div class='ocr_carea' id='block_1_2' title="bbox 217 451 975 860">
    <p class='ocr_par' dir='ltr' id='par_1_2' title="bbox 220 451 778 539">
     <span class='ocr_line' id='line_1_2' title="bbox 220 451 778 539; baseline 0.022 -27"><span class='ocrx_word' id='word_1_5' title='bbox 220 451 350 533; x_wconf 87' lang='lat' dir='ltr'>Doctis,</span> <span class='ocrx_word' id='word_1_6' title='bbox 369 453 534 539; x_wconf 84' lang='lat' dir='ltr'>luppiter!</span> <span class='ocrx_word' id='word_1_7' title='bbox 552 471 584 518; x_wconf 90' lang='lat' dir='ltr'>et</span> <span class='ocrx_word' id='word_1_8' title='bbox 599 455 778 524; x_wconf 78' lang='lat' dir='ltr'>laboriosis.</span> 
     </span>
    </p>

    <p class='ocr_par' dir='ltr' id='par_1_3' title="bbox 217 555 975 860">
     <span class='ocr_line' id='line_1_3' title="bbox 224 555 975 648; baseline 0.021 -31"><span class='ocrx_word' id='word_1_9' title='bbox 224 555 330 637; x_wconf 88' lang='lat' dir='ltr'>Quare</span> <span class='ocrx_word' id='word_1_10' title='bbox 350 556 433 619; x_wconf 85' lang='lat' dir='ltr'>habe</span> <span class='ocrx_word' id='word_1_11' title='bbox 444 556 525 640; x_wconf 83' lang='lat' dir='ltr'>ubi,</span> <span class='ocrx_word' id='word_1_12' title='bbox 543 559 703 648; x_wconf 90' lang='lat' dir='ltr'>quidquid</span> <span class='ocrx_word' id='word_1_13' title='bbox 720 563 783 628; x_wconf 90' lang='lat' dir='ltr'>boc</span> <span class='ocrx_word' id='word_1_14' title='bbox 800 565 897 630; x_wconf 82' lang='lat' dir='ltr'>libelli</span> <span class='ocrx_word' id='word_1_15' title='bbox 913 586 975 646; x_wconf 90' lang='lat' dir='ltr'>est,</span> 
     </span>
     <span class='ocr_line' id='line_1_4' title="bbox 218 662 926 761; baseline 0.018 -37"><span class='ocrx_word' id='word_1_16' title='bbox 218 662 485 752; x_wconf 88' lang='lat' dir='ltr'>Qualecumque:</span> <span class='ocrx_word' id='word_1_17' title='bbox 504 666 612 752; x_wconf 84' lang='lat' dir='ltr'>quod,</span> <span class='ocrx_word' id='word_1_18' title='bbox 631 690 652 731; x_wconf 93' lang='lat' dir='ltr'>o</span> <span class='ocrx_word' id='word_1_19' title='bbox 667 685 803 756; x_wconf 90' lang='lat' dir='ltr'>patrona</span> <span class='ocrx_word' id='word_1_20' title='bbox 817 673 926 761; x_wconf 86' lang='lat' dir='ltr'>virgo,</span> 
     </span>
     <span class='ocr_line' id='line_1_5' title="bbox 217 767 813 860; baseline 0.018 -31"><span class='ocrx_word' id='word_1_21' title='bbox 217 767 294 831; x_wconf 90' lang='lat' dir='ltr'>Plus</span> <span class='ocrx_word' id='word_1_22' title='bbox 311 793 381 832; x_wconf 91' lang='lat' dir='ltr'>uno</span> <span class='ocrx_word' id='word_1_23' title='bbox 398 788 526 835; x_wconf 90' lang='lat' dir='ltr'>maneat</span> <span class='ocrx_word' id='word_1_24' title='bbox 541 795 682 860; x_wconf 88' lang='lat' dir='ltr'>perenne</span> <span class='ocrx_word' id='word_1_25' title='bbox 699 776 813 840; x_wconf 84' lang='lat' dir='ltr'>saeclo!</span> 
     </span>
    </p>
   </div>
   <div class='ocr_carea' id='block_1_3' title="bbox 320 974 836 1062">
    <p class='ocr_par' dir='ltr' id='par_1_4' title="bbox 320 974 836 1062">
     <span class='ocr_line' id='line_1_6' title="bbox 320 974 836 1062; baseline 0.017 -23"><span class='ocrx_word' id='word_1_26' title='bbox 320 974 637 1043; x_wconf 87' lang='lat' dir='ltr'>POMPONIUS</span> <span class='ocrx_word' id='word_1_27' title='bbox 663 978 836 1062; x_wconf 77' lang='lat' dir='ltr'>MELA,</span> 
     </span>
    </p>
   </div>
   <div class='ocr_carea' id='block_1_4' title="bbox 257 1163 885 1231">
    <p class='ocr_par' dir='ltr' id='par_1_5' title="bbox 257 1163 885 1231">
     <span class='ocr_line' id='line_1_7' title="bbox 257 1163 885 1231; baseline 0.016 -25"><span class='ocrx_word' id='word_1_28' title='bbox 257 1163 322 1207; x_wconf 84' lang='lat' dir='ltr'>LIB.</span> <span class='ocrx_word' id='word_1_29' title='bbox 354 1163 394 1208; x_wconf 95' lang='lat' dir='ltr'>III</span> <span class='ocrx_word' id='word_1_30' title='bbox 421 1166 467 1209; x_wconf 84' lang='lat' dir='ltr'>DE</span> <span class='ocrx_word' id='word_1_31' title='bbox 496 1165 573 1211; x_wconf 83' lang='lat' dir='ltr'>SITIJ</span> <span class='ocrx_word' id='word_1_32' title='bbox 602 1167 719 1231; x_wconf 73' lang='lat' dir='ltr'>olims,</span> <span class='ocrx_word' id='word_1_33' title='bbox 746 1170 822 1215; x_wconf 77' lang='lat' dir='ltr'><strong>CAP.</strong></span> <span class='ocrx_word' id='word_1_34' title='bbox 852 1173 885 1216; x_wconf 82' lang='lat' dir='ltr'>V.</span> 
     </span>
    </p>
   </div>
   <div class='ocr_carea' id='block_1_5' title="bbox 91 1320 1011 1418">
    <p class='ocr_par' dir='ltr' id='par_1_6' title="bbox 91 1320 1011 1418">
     <span class='ocr_line' id='line_1_8' title="bbox 91 1320 1011 1418; baseline 0.013 -27"><span class='ocrx_word' id='word_1_35' title='bbox 91 1320 268 1391; x_wconf 88' lang='lat' dir='ltr'>Comelius</span> <span class='ocrx_word' id='word_1_36' title='bbox 285 1325 418 1418; x_wconf 86' lang='lat' dir='ltr'><strong>Nepos,</strong></span> <span class='ocrx_word' id='word_1_37' title='bbox 435 1340 472 1393; x_wconf 87' lang='lat' dir='ltr'>ut</span> <span class='ocrx_word' id='word_1_38' title='bbox 492 1329 655 1396; x_wconf 84' lang='lat' dir='ltr'>recentior</span> <span class='ocrx_word' id='word_1_39' title='bbox 670 1343 804 1417; x_wconf 84' lang='lat' dir='ltr'>auctor,</span> <span class='ocrx_word' id='word_1_40' title='bbox 824 1331 869 1399; x_wconf 90' lang='lat' dir='ltr'>ita</span> <span class='ocrx_word' id='word_1_41' title='bbox 882 1335 1011 1403; x_wconf 84' lang='lat' dir='ltr'>certior.</span> 
     </span>
    </p>
   </div>
   <div class='ocr_carea' id='block_1_6' title="bbox 455 1537 691 1623">
    <p class='ocr_par' dir='ltr' id='par_1_7' title="bbox 455 1537 691 1623">
     <span class='ocr_line' id='line_1_9' title="bbox 455 1537 691 1623; baseline 0.004 -19"><span class='ocrx_word' id='word_1_42' title='bbox 455 1537 691 1623; x_wconf 74' lang='lat' dir='ltr'>rrimus,</span> 
     </span>
    </p>
   </div>
   <div class='ocr_carea' id='block_1_7' title="bbox 228 1735 909 1788">
    <p class='ocr_par' dir='ltr' id='par_1_8' title="bbox 228 1735 909 1788">
     <span class='ocr_line' id='line_1_10' title="bbox 228 1735 909 1788; baseline 0.013 -9"><span class='ocrx_word' id='word_1_43' title='bbox 228 1736 294 1780; x_wconf 85' lang='lat' dir='ltr'>LIB.</span> <span class='ocrx_word' id='word_1_44' title='bbox 324 1736 364 1781; x_wconf 93' lang='lat' dir='ltr'>III</span> <span class='ocrx_word' id='word_1_45' title='bbox 391 1737 520 1783; x_wconf 76' lang='lat' dir='ltr'><strong>NATUR.</strong></span> <span class='ocrx_word' id='word_1_46' title='bbox 550 1735 687 1784; x_wconf 74' lang='lat' dir='ltr'>msron.</span> <span class='ocrx_word' id='word_1_47' title='bbox 708 1738 784 1786; x_wconf 73' lang='lat' dir='ltr'>CAP·</span> <span class='ocrx_word' id='word_1_48' title='bbox 806 1743 909 1788; x_wconf 82' lang='lat' dir='ltr'>xvrn.</span> 
     </span>
    </p>
   </div>
   <div class='ocr_carea' id='block_1_8' title="bbox 97 1903 652 1997">
    <p class='ocr_par' dir='ltr' id='par_1_9' title="bbox 97 1903 652 1997">
     <span class='ocr_line' id='line_1_11' title="bbox 97 1903 652 1997; baseline 0.009 -27"><span class='ocrx_word' id='word_1_49' title='bbox 97 1906 209 1997; x_wconf 80' lang='lat' dir='ltr'>Nepos</span> <span class='ocrx_word' id='word_1_50' title='bbox 223 1903 415 1992; x_wconf 81' lang='lat' dir='ltr'>Cornelius,</span> <span class='ocrx_word' id='word_1_51' title='bbox 433 1906 513 1974; x_wconf 91' lang='lat' dir='ltr'>Padi</span> <span class='ocrx_word' id='word_1_52' title='bbox 531 1906 652 1976; x_wconf 86' lang='lat' dir='ltr'>accola.</span> 
     </span>
    </p>
   </div>
   <div class='ocr_carea' id='block_1_9' title="bbox 360 2130 786 2194">
    <p class='ocr_par' dir='ltr' id='par_1_10' title="bbox 360 2130 786 2194">
     <span class='ocr_line' id='line_1_12' title="bbox 360 2130 786 2194; baseline 0.007 -19"><span class='ocrx_word' id='word_1_53' title='bbox 360 2130 475 2194; x_wconf 76' lang='lat' dir='ltr'>inan,</span> <span class='ocrx_word' id='word_1_54' title='bbox 503 2132 568 2176; x_wconf 80' lang='lat' dir='ltr'>nis.</span> <span class='ocrx_word' id='word_1_55' title='bbox 598 2133 639 2194; x_wconf 86' lang='lat' dir='ltr'>v,</span> <span class='ocrx_word' id='word_1_56' title='bbox 664 2132 740 2178; x_wconf 72' lang='lat' dir='ltr'>cir.</span> <span class='ocrx_word' id='word_1_57' title='bbox 765 2133 786 2178; x_wconf 87' lang='lat'>1.</span> 
     </span>
    </p>
   </div>
   <div class='ocr_carea' id='block_1_10' title="bbox 101 2273 1101 2368">
    <p class='ocr_par' dir='ltr' id='par_1_11' title="bbox 101 2273 1101 2368">
     <span class='ocr_line' id='line_1_13' title="bbox 101 2273 1101 2368; baseline 0.013 -29"><span class='ocrx_word' id='word_1_58' title='bbox 101 2275 208 2342; x_wconf 81' lang='lat' dir='ltr'>Minus</span> <span class='ocrx_word' id='word_1_59' title='bbox 231 2273 383 2367; x_wconf 89' lang='lat' dir='ltr'>profecto</span> <span class='ocrx_word' id='word_1_60' title='bbox 411 2275 572 2342; x_wconf 84' lang='lat' dir='ltr'>mirentur</span> <span class='ocrx_word' id='word_1_61' title='bbox 596 2290 786 2368; x_wconf 86' lang='lat' dir='ltr'>portentosa</span> <span class='ocrx_word' id='word_1_62' title='bbox 810 2279 947 2348; x_wconf 82' lang='lat' dir='ltr'>Graeciae</span> <span class='ocrx_word' id='word_1_63' title='bbox 968 2281 1101 2352; x_wconf 90' lang='lat' dir='ltr'>menda·</span> 
     </span>
    </p>
   </div>
   <div class='ocr_carea' id='block_1_11' title="bbox 63 2381 1103 2581">
    <p class='ocr_par' dir='ltr' id='par_1_12' title="bbox 63 2381 1103 2581">
     <span class='ocr_line' id='line_1_14' title="bbox 63 2381 1103 2478; baseline 0.013 -34"><span class='ocrx_word' id='word_1_64' title='bbox 63 2401 138 2459; x_wconf 63' lang='lat' dir='ltr'>ua„</span> <span class='ocrx_word' id='word_1_65' title='bbox 155 2432 162 2445; x_wconf 90' lang='lat'><strong><em>.</em></strong></span> <span class='ocrx_word' id='word_1_66' title='bbox 180 2433 187 2450; x_wconf 87' lang='lat'><strong>.</strong></span> <span class='ocrx_word' id='word_1_67' title='bbox 207 2431 213 2447; x_wconf 94' lang='lat'>.</span> <span class='ocrx_word' id='word_1_68' title='bbox 233 2382 291 2473; x_wconf 81' lang='lat' dir='ltr'>qui</span> <span class='ocrx_word' id='word_1_69' title='bbox 308 2381 470 2473; x_wconf 85' lang='lat' dir='ltr'>cogitent,</span> <span class='ocrx_word' id='word_1_70' title='bbox 497 2395 627 2450; x_wconf 89' lang='lat' dir='ltr'>nostros</span> <span class='ocrx_word' id='word_1_71' title='bbox 645 2405 751 2476; x_wconf 85' lang='lat' dir='ltr'>nuper</span> <span class='ocrx_word' id='word_1_72' title='bbox 765 2382 865 2478; x_wconf 90' lang='lat' dir='ltr'>paulo</span> <span class='ocrx_word' id='word_1_73' title='bbox 886 2386 993 2457; x_wconf 91' lang='lat' dir='ltr'>minus</span> <span class='ocrx_word' id='word_1_74' title='bbox 1013 2414 1103 2457; x_wconf 85' lang='lat' dir='ltr'>inon-</span> 
     </span>
     <span class='ocr_line' id='line_1_15' title="bbox 64 2484 1101 2581; baseline 0.013 -32"><span class='ocrx_word' id='word_1_75' title='bbox 64 2484 164 2552; x_wconf 83' lang='lat' dir='ltr'>strilica</span> <span class='ocrx_word' id='word_1_76' title='bbox 180 2486 330 2579; x_wconf 62' lang='lat' dir='ltr'>quaedam</span> <span class='ocrx_word' id='word_1_77' title='bbox 348 2485 536 2555; x_wconf 82' lang='lat' dir='ltr'>tradidisse:</span> <span class='ocrx_word' id='word_1_78' title='bbox 553 2486 762 2581; x_wconf 85' lang='lat' dir='ltr'>praevalidam</span> <span class='ocrx_word' id='word_1_79' title='bbox 781 2490 867 2559; x_wconf 88' lang='lat' dir='ltr'>hanc</span> <span class='ocrx_word' id='word_1_80' title='bbox 882 2492 1013 2580; x_wconf 89' lang='lat' dir='ltr'>urbem,</span> <span class='ocrx_word' id='word_1_81' title='bbox 1033 2520 1101 2562; x_wconf 88' lang='lat' dir='ltr'>ma·</span> 
     </span>
    </p>
   </div>
   <div class='ocr_carea' id='block_1_12' title="bbox 67 2589 1102 2787">
    <p class='ocr_par' dir='ltr' id='par_1_13' title="bbox 67 2589 1102 2787">
     <span class='ocr_line' id='line_1_16' title="bbox 67 2589 1102 2689; baseline 0.013 -34"><span class='ocrx_word' id='word_1_82' title='bbox 67 2589 211 2684; x_wconf 70' lang='lat' dir='ltr'>josumque</span> <span class='ocrx_word' id='word_1_83' title='bbox 234 2593 437 2685; x_wconf 82' lang='lat' dir='ltr'>Carthagine</span> <span class='ocrx_word' id='word_1_84' title='bbox 457 2617 596 2688; x_wconf 85' lang='lat' dir='ltr'>magna,</span> <span class='ocrx_word' id='word_1_85' title='bbox 609 2647 616 2660; x_wconf 95' lang='lat'><strong>.</strong></span> <span class='ocrx_word' id='word_1_86' title='bbox 628 2647 635 2661; x_wconf 89' lang='lat'>.</span> <span class='ocrx_word' id='word_1_87' title='bbox 649 2647 676 2662; x_wconf 88' lang='lat'>..</span> <span class='ocrx_word' id='word_1_88' title='bbox 696 2619 833 2689; x_wconf 71' lang='lat' dir='ltr'>quaeque</span> <span class='ocrx_word' id='word_1_89' title='bbox 854 2596 916 2665; x_wconf 91' lang='lat' dir='ltr'>alia</span> <span class='ocrx_word' id='word_1_90' title='bbox 930 2599 1102 2669; x_wconf 87' lang='lat' dir='ltr'>Cornelius</span> 
     </span>
     <span class='ocr_line' id='line_1_17' title="bbox 71 2695 530 2787; baseline 0.013 -27"><span class='ocrx_word' id='word_1_91' title='bbox 71 2695 159 2787; x_wconf 72' lang='lat' dir='ltr'>lepos</span> <span class='ocrx_word' id='word_1_92' title='bbox 179 2697 364 2766; x_wconf 88' lang='lat' dir='ltr'>avidissime</span> <span class='ocrx_word' id='word_1_93' title='bbox 385 2697 530 2767; x_wconf 87' lang='lat' dir='ltr'>credidit.</span> 
     </span>
    </p>
   </div>
   <div class='ocr_carea' id='block_1_13' title="bbox 95 2919 1075 2989">
    <p class='ocr_par' dir='ltr' id='par_1_14' title="bbox 95 2919 1075 2989">
     <span class='ocr_line' id='line_1_18' title="bbox 95 2919 1075 2989; baseline 0.008 -28"><span class='ocrx_word' id='word_1_94' title='bbox 95 2919 186 2986; x_wconf 79' lang='lat' dir='ltr'>insu,</span> <span class='ocrx_word' id='word_1_95' title='bbox 212 2924 277 2968; x_wconf 81' lang='lat' dir='ltr'>us.</span> <span class='ocrx_word' id='word_1_96' title='bbox 302 2923 358 2986; x_wconf 86' lang='lat' dir='ltr'>rx,</span> <span class='ocrx_word' id='word_1_97' title='bbox 380 2924 456 2970; x_wconf 74' lang='lat' dir='ltr'>cnr.</span> <span class='ocrx_word' id='word_1_98' title='bbox 482 2924 618 2988; x_wconf 80' lang='lat' dir='ltr'>xxx1x3</span> <span class='ocrx_word' id='word_1_99' title='bbox 641 2926 685 2969; x_wconf 80' lang='lat' dir='ltr'>nr</span> <span class='ocrx_word' id='word_1_100' title='bbox 711 2926 777 2971; x_wconf 77' lang='lat' dir='ltr'>nin.</span> <span class='ocrx_word' id='word_1_101' title='bbox 799 2928 844 2989; x_wconf 84' lang='lat' dir='ltr'>x,</span> <span class='ocrx_word' id='word_1_102' title='bbox 871 2925 947 2971; x_wconf 75' lang='lat' dir='ltr'>cnr.</span> <span class='ocrx_word' id='word_1_103' title='bbox 974 2926 1075 2971; x_wconf 81' lang='lat' dir='ltr'>xxiii.</span> 
     </span>
    </p>
   </div>
   <div class='ocr_carea' id='block_1_14' title="bbox 115 3071 1043 3166">
    <p class='ocr_par' dir='ltr' id='par_1_15' title="bbox 115 3071 1043 3166">
     <span class='ocr_line' id='line_1_19' title="bbox 115 3071 1043 3166; baseline 0.006 -30"><span class='ocrx_word' id='word_1_104' title='bbox 115 3071 211 3165; x_wconf 70' lang='lat' dir='ltr'>lepos</span> <span class='ocrx_word' id='word_1_105' title='bbox 227 3071 420 3160; x_wconf 87' lang='lat' dir='ltr'>Cornelius,</span> <span class='ocrx_word' id='word_1_106' title='bbox 435 3074 491 3166; x_wconf 92' lang='lat' dir='ltr'>qui</span> <span class='ocrx_word' id='word_1_107' title='bbox 510 3072 577 3140; x_wconf 90' lang='lat' dir='ltr'>divi</span> <span class='ocrx_word' id='word_1_108' title='bbox 591 3075 731 3166; x_wconf 81' lang='lat' dir='ltr'>Augusti</span> <span class='ocrx_word' id='word_1_109' title='bbox 748 3073 934 3165; x_wconf 84' lang='lat' dir='ltr'>principatu</span> <span class='ocrx_word' id='word_1_110' title='bbox 953 3074 1043 3144; x_wconf 88' lang='lat' dir='ltr'>obiit.</span> 
     </span>
    </p>
   </div>
   <div class='ocr_carea' id='block_1_15' title="bbox 347 3285 801 3370">
    <p class='ocr_par' dir='ltr' id='par_1_16' title="bbox 347 3285 801 3370">
     <span class='ocr_line' id='line_1_20' title="bbox 347 3285 801 3370; baseline -0.002 -18"><span class='ocrx_word' id='word_1_111' title='bbox 347 3286 560 3353; x_wconf 80' lang='lat' dir='ltr'>PLINIUS</span> <span class='ocrx_word' id='word_1_112' title='bbox 586 3285 801 3370; x_wconf 74' lang='lat' dir='ltr'>rumori,</span> 
     </span>
    </p>
   </div>
   <div class='ocr_carea' id='block_1_16' title="bbox 311 3478 838 3540">
    <p class='ocr_par' dir='ltr' id='par_1_17' title="bbox 311 3478 838 3540">
     <span class='ocr_line' id='line_1_21' title="bbox 311 3478 838 3540; baseline 0 -18"><span class='ocrx_word' id='word_1_113' title='bbox 311 3479 388 3523; x_wconf 76' lang='grc' dir='ltr'>ΗΒ.</span> <span class='ocrx_word' id='word_1_114' title='bbox 419 3478 476 3540; x_wconf 83' lang='lat' dir='ltr'>lv,</span> <span class='ocrx_word' id='word_1_115' title='bbox 512 3478 643 3524; x_wconf 82' lang='lat' dir='ltr'>EPIST.</span> <span class='ocrx_word' id='word_1_116' title='bbox 680 3478 838 3523; x_wconf 78' lang='lat' dir='ltr'>XXVIII.</span> 
     </span>
    </p>
   </div>
   <div class='ocr_carea' id='block_1_17' title="bbox 69 3636 1107 4153">
    <p class='ocr_par' dir='ltr' id='par_1_18' title="bbox 69 3636 1107 4051">
     <span class='ocr_line' id='line_1_22' title="bbox 111 3636 1105 3730; baseline 0 -26"><span class='ocrx_word' id='word_1_117' title='bbox 111 3640 285 3706; x_wconf 89' lang='lat' dir='ltr'>Herennius</span> <span class='ocrx_word' id='word_1_118' title='bbox 315 3639 476 3722; x_wconf 87' lang='lat' dir='ltr'>Severus,</span> <span class='ocrx_word' id='word_1_119' title='bbox 503 3638 553 3704; x_wconf 88' lang='lat' dir='ltr'>vir</span> <span class='ocrx_word' id='word_1_120' title='bbox 581 3636 806 3720; x_wconf 88' lang='lat' dir='ltr'>doctissimus,</span> <span class='ocrx_word' id='word_1_121' title='bbox 829 3639 938 3730; x_wconf 90' lang='lat' dir='ltr'>magni</span> <span class='ocrx_word' id='word_1_122' title='bbox 966 3639 1105 3706; x_wconf 82' lang='lat' dir='ltr'>aestimat</span> 
     </span>
     <span class='ocr_line' id='line_1_23' title="bbox 72 3742 1104 3838; baseline 0.004 -31"><span class='ocrx_word' id='word_1_123' title='bbox 72 3764 95 3807; x_wconf 89' lang='lat' dir='ltr'>n</span> <span class='ocrx_word' id='word_1_124' title='bbox 114 3742 305 3814; x_wconf 85' lang='lat' dir='ltr'>bibliotheca</span> <span class='ocrx_word' id='word_1_125' title='bbox 325 3768 382 3813; x_wconf 89' lang='lat' dir='ltr'>sua</span> <span class='ocrx_word' id='word_1_126' title='bbox 404 3767 528 3838; x_wconf 87' lang='lat' dir='ltr'>ponere</span> <span class='ocrx_word' id='word_1_127' title='bbox 550 3745 706 3838; x_wconf 87' lang='lat' dir='ltr'>imagines</span> <span class='ocrx_word' id='word_1_128' title='bbox 728 3744 931 3837; x_wconf 88' lang='lat' dir='ltr'>municipum</span> <span class='ocrx_word' id='word_1_129' title='bbox 952 3758 1104 3829; x_wconf 85' lang='lat' dir='ltr'>tuorum,</span> 
     </span>
     <span class='ocr_line' id='line_1_24' title="bbox 69 3847 1107 3945; baseline -0.002 -29"><span class='ocrx_word' id='word_1_130' title='bbox 69 3847 191 3920; x_wconf 80' lang='lat' dir='ltr'>Cornelii</span> <span class='ocrx_word' id='word_1_131' title='bbox 213 3853 352 3945; x_wconf 87' lang='lat' dir='ltr'>Nepotis</span> <span class='ocrx_word' id='word_1_132' title='bbox 371 3866 404 3919; x_wconf 90' lang='lat' dir='ltr'>et</span> <span class='ocrx_word' id='word_1_133' title='bbox 423 3852 487 3918; x_wconf 90' lang='lat' dir='ltr'>Titi</span> <span class='ocrx_word' id='word_1_134' title='bbox 500 3853 603 3919; x_wconf 88' lang='lat' dir='ltr'>Cassii</span> <span class='ocrx_word' id='word_1_135' title='bbox 619 3876 628 3939; x_wconf 82' lang='lat'>3</span> <span class='ocrx_word' id='word_1_136' title='bbox 645 3852 807 3944; x_wconf 77' lang='lat' dir='ltr'>petitque,</span> <span class='ocrx_word' id='word_1_137' title='bbox 826 3852 850 3917; x_wconf 91' lang='lat' dir='ltr'>si</span> <span class='ocrx_word' id='word_1_138' title='bbox 870 3852 935 3919; x_wconf 90' lang='lat' dir='ltr'>sint</span> <span class='ocrx_word' id='word_1_139' title='bbox 956 3852 1046 3933; x_wconf 90' lang='lat' dir='ltr'>istic,</span> <span class='ocrx_word' id='word_1_140' title='bbox 1070 3860 1107 3916; x_wconf 88' lang='lat' dir='ltr'>ut</span> 
     </span>
     <span class='ocr_line' id='line_1_25' title="bbox 69 3954 1104 4051; baseline -0.006 -28"><span class='ocrx_word' id='word_1_141' title='bbox 69 3977 122 4023; x_wconf 71' lang='lat' dir='ltr'>csse</span> <span class='ocrx_word' id='word_1_142' title='bbox 143 3957 296 4027; x_wconf 84' lang='lat' dir='ltr'>credibile</span> <span class='ocrx_word' id='word_1_143' title='bbox 326 3972 394 4041; x_wconf 90' lang='lat' dir='ltr'>est,</span> <span class='ocrx_word' id='word_1_144' title='bbox 419 3955 647 4029; x_wconf 85' lang='lat' dir='ltr'>exscribendas</span> <span class='ocrx_word' id='word_1_145' title='bbox 675 3956 921 4051; x_wconf 88' lang='lat' dir='ltr'>pingendasque</span> <span class='ocrx_word' id='word_1_146' title='bbox 946 3954 1104 4046; x_wconf 90' lang='lat' dir='ltr'>delegem.</span> 
     </span>
    </p>

    <p class='ocr_par' dir='ltr' id='par_1_19' title="bbox 847 4084 898 4153">
     <span class='ocr_line' id='line_1_26' title="bbox 847 4084 898 4153; baseline 0 -43"><span class='ocrx_word' id='word_1_147' title='bbox 847 4089 874 4153; x_wconf 86' lang='lat' dir='ltr'>C</span> <span class='ocrx_word' id='word_1_148' title='bbox 888 4084 898 4110; x_wconf 79' lang='lat'>2</span> 
     </span>
    </p>
   </div>
   <div class='ocr_carea' id='block_1_18' title="bbox 0 0 1358 4770">
    <p class='ocr_par' dir='ltr' id='par_1_20' title="bbox 0 0 1358 4770">
     <span class='ocr_line' id='line_1_27' title="bbox 0 0 1358 4770; baseline 0 0"><span class='ocrx_word' id='word_1_149' title='bbox 0 0 1358 4770; x_wconf 95' lang='lat' dir='ltr'> </span> 
     </span>
    </p>
   </div>
  </div>
 </body>
</html>
