2706 4770
239 379 309 445 AD
335 377 662 444 CORNELIUM
688 376 953 445 NEPOTEM.
1056 377 1130 475 373

64 510 146 561 Rom.
159 503 205 558 sed
221 505 342 576 pluribus
354 505 419 558 locis
432 506 465 557 sb
481 504 539 558 aliia
552 481 713 559 editionibus
728 505 934 578 discrepantem,
945 506 1071 574 inseruit,
1084 510 1132 562 ali·

65 587 131 640 cubi
153 598 180 638 et
195 588 357 655 conjectures
376 602 433 638 suus
449 583 603 656 adscripsit,
630 586 701 638 hunc
717 587 741 638 ei
757 586 864 639 titulum
882 588 1053 658 prescripsit,
1071 590 1133 641 Vite

67 667 153 720 Murci
164 665 263 719 Catonis
270 703 278 727 ,
293 686 323 717 es
336 663 445 719 Cornelio
455 664 547 735 Nepote
555 664 585 716 de
595 669 654 717 uiris
666 666 804 718 illustribus.
821 667 973 738 Utcumque
984 669 1131 731 ait,verisi·

68 746 159 799 milius
168 759 219 810 est,
228 763 325 798 eumer
336 746 418 798 altero
426 745 539 817 Nepotis
548 745 619 797 libro
629 764 683 798 esse
691 783 699 811 ,
708 748 796 816 cujus,
805 765 891 810 usu,
906 747 951 813 13,
962 748 1130 816 meminit,

68 843 167 897 quarm
182 823 254 895 quod
267 825 376 878 Sclrotto
387 825 497 896 sliisque
508 825 607 889 visum,
619 825 794 896 irsgmentum
808 844 862 878 esse
870 827 1130 896 veterasceremus

67 905 148 970 libri,
160 922 251 975 quem,
266 923 322 976 usp.
336 906 364 970 3,
382 904 407 967 5,
421 903 454 957 de
466 906 567 957 Catone
581 908 709 974 separatim
712 907 799 973 secisse
810 925 836 958 se
848 905 897 970 eit;
912 905 1015 958 numid
1031 926 1064 960 ne
1076 926 1133 961 cre·

68 982 177 1049 tlemus,
191 1003 221 1036 en
233 984 290 1054 ipsa
299 985 379 1038 verbs
391 984 499 1037 iaciunt.
516 984 582 1049 Quis
589 985 660 1037 enim
672 984 701 1037 in
711 985 857 1055 fragmento
868 997 913 1038 sut
923 986 1131 1055 &insectatrices

68 1064 161 1135 operis
185 1065 294 1134 alicujus
314 1080 432 1135 cuiquem
451 1082 518 1134 opus
539 1064 641 1134 ipsrrm,
666 1076 792 1135 tunquam
815 1063 969 1128 diversum,
991 1065 1131 1119 liudeviti

69 1144 132 1195 Non
146 1145 299 1214 repugnabo
314 1155 418 1206 tamen,
442 1144 464 1195 si
479 1160 613 1214 quiscum
632 1145 728 1197 vossio
747 1152 782 1214 τῷ
793 1146 859 1197 πάνυ
872 1144 1015 1196 verisimile
1029 1159 1133 1199 censent

68 1223 245 1293 fragmentum
258 1242 313 1277 esse
329 1243 360 1275 ex
374 1241 454 1294 opere
467 1223 497 1274 de
510 1224 627 1277 historicis
638 1225 749 1285 Latium·
762 1243 844 1295 quum
855 1223 887 1276 de
898 1223 1015 1277 historiis
1025 1225 1132 1278 Catonis

68 1313 124 1354 tm
139 1303 265 1374 explicate
282 1317 353 1372 egat,
370 1303 520 1355 orationum
538 1315 625 1357 sutem
640 1316 667 1356 et
679 1322 769 1357 rerum
785 1322 848 1375 pace
863 1304 986 1374 belloque
1002 1316 1132 1375 gestentur

67 1382 155 1435 solum
169 1383 241 1434 velut
254 1383 341 1436 obiter
355 1383 517 1436 mentionem
530 1383 617 1437 ircim.
631 1384 728 1443 Rosius.

107 1516 227 1567 Arctoos
234 1555 241 1581 ,
249 1535 275 1586 p.
288 1516 352 1568 256.
361 1515 446 1581 Quum
453 1515 525 1569 verie
534 1516 562 1569 iu
571 1514 652 1569 codd.
659 1529 685 1570 et
695 1517 830 1570 nonnullis
840 1515 902 1570 edd.
914 1516 1071 1570 inscribetur
1082 1516 1133 1570 ele·

65 1594 288 1665 ‘amissimushic
297 1595 413 1660 libellus,
421 1614 561 1666 cognosces
573 1615 605 1649 ex
613 1596 684 1649 Rosii
693 1609 756 1649 note
768 1609 793 1649 et
804 1596 891 1650 Fisch.
900 1597 990 1650 libello
1004 1596 1080 1650 V.b.
1090 1596 1134 1648 Er

66 1673 132 1727 Irim
151 1672 257 1725 Cornelii
271 1673 371 1744 Nepotis
383 1674 412 1725 de
430 1676 523 1726 Latinis
542 1675 659 1727 historicis
674 1677 702 1728 in
717 1675 777 1730 cod.
794 1676 883 1730 Gitan.
900 1677 943 1730 cui
959 1674 1059 1730 accedit
1073 1674 1133 1729 cod.

66 1748 238 1822 Guelferbyt.
259 1748 291 1812 (a
306 1753 362 1805 Jac.
376 1752 449 1806 l'rid.
464 1754 626 1826 Heusingero
638 1769 727 1808 curate
747 1754 913 1828 descriptus)
929 1756 972 1808 Ec
986 1756 1047 1808 librar
1059 1754 1132 1807 Corn.

66 1830 134 1902 Nep.
146 1832 176 1883 de
187 1832 243 1883 Lat.
254 1833 378 1884 historicis.
393 1833 481 1904 Incipit
493 1837 546 1884 cita
555 1834 642 1887 Attici.
653 1835 718 1901 Qure
728 1835 865 1908 inscriptio
874 1836 1020 1907 Schlegelio
1027 1835 1055 1887 in
1062 1831 1133 1888 Add.

65 1923 94 1963 et
106 1912 206 1981 corrig.
221 1909 281 1963 ideo
297 1912 442 1982 pmbrbilis
458 1925 510 1977 est,
523 1913 586 1984 quin
600 1914 696 1984 scriptu
709 1915 789 1967 Attici
803 1914 928 1968 historica
945 1915 1006 1967 setis
1020 1914 1132 1985 imples

67 1990 196 2043 Cornelio
216 2003 401 2060 exponuntur,
423 2010 507 2062 eoque
531 2004 655 2045 retractat
672 1995 841 2058 sententiam,
858 2013 917 2064 pag.
936 1994 968 2046 13
985 1995 1133 2064 prolatam,

66 2069 151 2121 vitam
167 2069 307 2140 Pomponii
322 2070 403 2123 Attici
418 2089 473 2123 uon
492 2089 547 2124 esse
567 2072 620 2125 uisi
633 2085 734 2143 purtem
751 2072 903 2127 Corneliani
921 2073 1009 2143 operia
1022 2074 1062 2124 De
1073 2075 1134 2124 ciris

67 2148 212 2209 illustribus,
228 2148 355 2215 sGellio,
370 2168 412 2214 ιι,
429 2169 454 2204 c.
469 2152 498 2216 8,
512 2151 622 2221 perlecti
636 2164 662 2204 et
674 2152 756 2205 citoti.
767 2151 842 2204 Idem
857 2151 1017 2223 Schlegelius
1029 2152 1056 2204 in
1069 2150 1132 2205 diss.

67 2246 115 2281 sus
129 2226 236 2280 doctiss.
251 2248 348 2300 capv,
361 2249 420 2300 pag.
439 2234 473 2285 ss
492 2249 551 2302 sqq.
566 2243 680 2302 quatuor
694 2231 884 2302 antiquissimus
893 2244 920 2285 et
931 2232 1074 2285 rarissimas
1089 2230 1132 2285 ed.

67 2307 131 2359 vitre
140 2307 220 2360 Attici
234 2309 324 2360 ebibl.
333 2309 475 2362 Thottirna
488 2311 620 2363 recensuit
635 2307 681 2372 (er
696 2312 793 2382 quibus
806 2312 923 2383 suppleri
937 2324 1061 2383 possunt,
1073 2330 1132 2383 quae

67 2386 163 2457 scripsi
174 2385 207 2438 sd
216 2387 331 2440 Fabricii
341 2389 372 2441 B.
381 2388 489 2443 Gnvol.
497 2391 568 2460 vp.
582 2409 634 2443 sor
646 2386 716 2462 οφ),
730 2404 757 2444 et
770 2410 800 2443 er
811 2391 947 2463 antiquiss.
963 2391 1132 2461 ed.u.147o,

67 2483 128 2536 qun
142 2466 210 2519 vitas
224 2467 358 2520 Plutarchi
372 2470 490 2540 parallel.
503 2469 617 2540 aliusque
629 2487 638 2533 ς
654 2471 681 2522 in
695 2471 737 2523 his
752 2472 879 2540 Pomponii
893 2474 983 2530 Attici,
1003 2482 1048 2521 aut
1062 2482 1092 2522 nt
1104 2471 1133 2522 in

67 2544 153 2598 altero
169 2547 289 2617 exemplo
305 2550 436 2613 unctiore,
451 2568 478 2600 u.
493 2555 540 2616 49,
550 2549 704 2603 inscribitur
718 2567 725 2600 :
741 2550 829 2618 Incipit
846 2554 899 2599 cite
914 2549 1041 2615 Pomponii
1054 2548 1134 2599 Attici

65 2625 195 2678 domum
207 2629 290 2687 uiri,e
306 2626 394 2680 Groeco
405 2646 509 2678 sermone
523 2631 547 2677 in
554 2629 666 2679 latinum
675 2647 720 2695 per
732 2627 866 2677 Cornelium
875 2626 989 2694 Nepotem
1000 2626 1132 2688 trunshta,

66 2722 129 2775 ρος.
142 2709 176 2767 41
193 2724 233 2775 sq.
249 2706 333 2758 varias
346 2706 374 2757 in
388 2706 442 2758 vita
456 2705 537 2758 Attici
549 2706 674 2758 lectiones
689 2702 778 2765 dedit,
791 2718 817 2757 et
833 2702 927 2775 adjecit
940 2722 1010 2756 varr.
1026 2703 1133 2757 lection.

65 2800 100 2836 es
114 2783 236 2836 Jerrsonii
251 2783 316 2839 edit.
330 2804 391 2856 epp.
406 2784 542 2839 Ciceronis
553 2783 587 2837 sd
600 2785 732 2842 Atticm,
749 2790 838 2856 1470,
850 2785 894 2837 cui
913 2801 1013 2836 sunere
1028 2796 1068 2835 est
1080 2783 1134 2836 vite

65 2862 160 2916 niuei.
180 2862 231 2915 Sed
244 2864 293 2916 hes
305 2865 409 2936 plenius
426 2865 545 2917 exhiberi
561 2864 589 2915 in
601 2862 666 2917 edit.
679 2864 769 2917 Patsv.
786 2864 911 2935 Nepotis,
935 2862 1084 2915 observavit
1099 2862 1134 2917 cl.

66 2942 231 2996 Tuclruele.
250 2944 289 2995 Er
301 2944 447 2996 illisautem
460 2942 522 2996 edd.
531 2957 653 3015 apparet,
662 2943 743 2996 vitam
756 2943 837 2996 Attici
847 2942 987 3013 seperatim
999 2939 1134 3012 quomlsm

66 3033 95 3075 et
108 3033 171 3074 aute
184 3023 262 3075 luisse
270 3021 384 3089 editam,
397 3042 476 3094 quam
488 3023 659 3094 vulgarentur
671 3022 788 3093 reliquie.
801 3020 843 3074 sd
856 3038 950 3073 manus
958 3039 1064 3092 φιοᾳιιε
1072 3033 1136 3074 suut

65 3100 145 3165 «lure,
159 3101 206 3154 sed
220 3099 330 3155 diverse
351 3101 413 3155 edd.
432 3103 540 3156 Ernstii.
560 3104 657 3166 Prior,
674 3103 702 3155 in
718 3120 768 3173 qna
787 3113 873 3154 textus
892 3101 973 3155 estin
992 3101 1133 3170 peniculus

65 3178 212 3245 dissectus,
236 3194 262 3234 et
283 3183 378 3253 cuique
395 3183 465 3253 porti
480 3196 543 3235 suut
559 3196 629 3235 notre
646 3183 783 3251 subjectis,
797 3181 922 3250 inscripta
937 3192 996 3232 est:
1018 3181 1079 3231 Vita
1101 3181 1133 3234 T.

66 3261 199 3329 Pomponii
210 3264 290 3313 Attici
304 3281 334 3312 ec
350 3261 460 3314 Cornelio
479 3263 582 3333 Nepote,
600 3274 717 3314 unnotrt.
731 3259 860 3313 emendat.
873 3259 952 3311 variis
962 3260 1133 3327 lectionibus,

64 3339 200 3393 oboenat.
210 3338 326 3412 denique
337 3359 398 3393 cum
414 3342 507 3395 ethicis
520 3338 530 3403 (
541 3341 608 3394 mule
618 3359 742 3394 excusum
755 3352 794 3392 est
807 3336 989 3401 etbnics‘s)tum
1005 3339 1133 3410 politicis,

65 3419 97 3471 in
109 3436 188 3470 usum
202 3420 319 3473 nobiliss.
327 3423 473 3491 juventutis
485 3421 599 3475 medem.
611 3421 731 3484 Srnunoe,
743 3420 870 3471 illustrem
885 3419 918 3470 ab
929 3419 1035 3469 Henrico
1046 3420 1132 3473 Ense.

65 3498 187 3564 lininio,
206 3503 295 3568 1629.
314 3519 359 3555 rr.
375 3501 523 3565 Posterior,
535 3503 563 3554 in
577 3519 628 3572 qne
643 3513 728 3553 textus
743 3512 782 3552 est
796 3510 957 3570 perpetuus,
972 3516 1050 3569 quem
1063 3501 1133 3553 esci·

64 3576 149 3649 pirent
158 3591 227 3630 notre
233 3581 363 3632 unctiores
371 3593 398 3632 et
404 3579 558 3652 diligentius
566 3582 683 3651 scriptu,
693 3581 773 3632 hebet
785 3578 984 3648 inscriptionem
993 3596 1000 3631 :
1009 3576 1135 3648 Speculum

61 3656 203 3727 prudentie
219 3670 244 3709 et
254 3663 352 3711 virtutis
363 3661 448 3721 cubilis,
468 3661 491 3712 t.
503 3681 526 3712 e,
538 3663 594 3710 cite
610 3662 640 3712 T.
653 3662 780 3730 Pomponii
791 3660 881 3719 Attici,
895 3662 1007 3729 scrptcre
1022 3656 1133 3711 &melec

64 3736 175 3806 Nepote,
197 3756 258 3790 cun
273 3739 359 3803 noda,
371 3739 559 3809 chronologia,
574 3739 700 3810 glossario
710 3751 737 3792 et
750 3738 946 3792 nomenclatore
956 3736 1059 3790 lienricr'
1068 3738 1134 3789 Ern-

63 3819 117 3868 stii.
140 3815 257 3886 Adjectn
280 3832 341 3871 sunt
356 3833 429 3872 certo
449 3819 559 3872 oonsilio
576 3831 692 3873 annotat.
712 3820 848 3890 Cirr'stcplr.
872 3819 1031 3879 Heidrranni,
1050 3817 1085 3866 V.
1101 3813 1132 3867 G.

66 3895 181 3950 Amstel.
198 3901 283 3968 1637,
305 3917 349 3952 rr.
370 3899 455 3971 liujus
468 3916 573 3971 quoque
585 3897 649 3950 edit.
663 3910 732 3951 note
746 3897 874 3951 differunt
888 3897 1022 3951 interdum
1039 3894 1072 3945 eb
1088 3892 1132 3955 iis,

65 3977 283 4045 qussErnstius,
294 3980 400 4031 tertium
416 3981 503 4032 formu
520 3975 682 4032 recensendo
694 3979 776 4031 ritum
789 3978 869 4031 Attici
878 4015 886 4041 ,
896 3976 976 4029 modo
988 3983 1135 4027 contrectes

64 4053 155 4110 modo
166 4057 297 4113 rncdores
309 4057 416 4112 miserm
425 4055 522 4125 llosio,
533 4070 560 4114 et
571 4076 635 4130 ques
648 4057 693 4113 hic
705 4074 758 4113 sun
773 4057 883 4112 inseruit
892 4054 1013 4161 effigium.
1023 4052 1133 4107 ncnc.

598 4138 602 4149 '
880 4161 898 4182 n
909 4139 925 4182 Ι.
