2706 4770
145 368 220 453 246
414 367 682 435 connnnn
709 363 941 434 nsrorrs

197 512 275 579 XII.
300 513 384 597 Quae
405 507 484 576 dum
500 510 534 575 in
551 509 626 576 Asia
640 520 819 600 geruntur,
838 504 958 575 accidit
979 528 1079 591 casu,
1102 519 1138 572 ut
1157 503 1193 571 le·

145 618 211 709 gati
231 617 353 684 Prusias
368 617 483 682 Romae
493 613 582 707 apud
598 615 636 681 L.
652 601 829 701 Quiritium
844 611 1064 680 Flamininum
1082 634 1194 680 consu·

146 721 248 790 larem
268 717 454 806 coenarent,
472 735 571 813 atque
586 719 647 806 ibi,
667 718 708 787 de
721 716 906 786 Hannibale
917 719 1087 785 mentione
1103 717 1194 801 lacta,

146 853 187 895 ex
203 827 256 895 his
273 851 358 895 unus
377 826 517 911 diceret,
535 850 612 893 enm
629 827 661 891 in
676 825 798 893 Prusiae
811 849 914 919 regno
927 843 1007 892 esse.
1020 822 1062 892 ld
1074 837 1194 918 postero

147 933 200 1002 die
211 932 411 1001 Flamininus
423 933 549 1001 senatui
558 930 676 999 detulit
685 929 704 998 ¹.
718 933 830 999 Patres
839 931 1018 1023 conscripti
1028 983 1038 1014 ,
1047 931 1103 1023 qui
1112 932 1193 997 Han·

147 1039 255 1108 nibale
266 1041 343 1106 vivo
355 1037 364 1062 ²
379 1060 548 1131 nunquam
562 1062 596 1105 se
605 1039 674 1105 sine
684 1036 806 1105 insidiis
820 1035 949 1104 futuros
959 1035 1194 1120 existimabant,

148 1145 273 1239 legatos
290 1147 325 1212 in
337 1145 524 1239 Bithyniam
542 1145 720 1230 miseruut,
743 1145 777 1211 in
791 1143 842 1211 his
859 1141 1100 1228 Flamininum,
1116 1142 1193 1234 quia

147 1277 226 1347 rege
249 1265 421 1345 peterent,
445 1275 487 1318 ne
513 1250 773 1318 inimicissimum
798 1273 892 1317 suum
916 1272 1029 1316 secum
1056 1247 1193 1330 baberet,

150 1357 276 1452 sibique
292 1356 435 1425 dederet.
459 1357 518 1424 His
537 1357 668 1424 Prusias
686 1379 807 1449 negare
827 1378 924 1422 ausus
946 1367 1082 1423 nonest
1102 1349 1192 1420 :illud

151 1464 317 1535 recusavit
325 1448 348 1550 ³,
367 1488 408 1531 ne
427 1461 458 1529 id
471 1488 488 1531 a
502 1487 536 1530 se
551 1462 620 1529 fieri
642 1460 861 1555 postularent,
881 1459 971 1553 quod
986 1459 1141 1527 adversus
1151 1457 1192 1550 jus

151 1569 284 1665 hospitii
299 1583 403 1636 esset:
420 1570 499 1663 ipsi,
518 1570 544 1636 si
559 1582 710 1662 possent,
725 1564 1067 1661 comprehenderent3
1082 1564 1192 1646 locum,

151 1675 209 1743 ubi
237 1689 336 1760 esset,
354 1673 449 1743 facilc
474 1675 675 1742 inventuros.
696 1671 861 1741 Hannibal
884 1673 971 1740 enim
997 1696 1068 1738 uno
1085 1669 1152 1740 loco
1168 1691 1192 1735 se

153 1781 286 1849 tenebat
303 1782 336 1847 in
352 1767 517 1862 rastellol,
533 1780 621 1872 quod
636 1781 665 1847 ei
685 1780 727 1848 ab
740 1803 818 1873 rege
833 1777 945 1846 datum
969 1791 1041 1845 crat
1056 1775 1192 1857 muneri;

152 1886 251 1980 idque
273 1890 320 1954 sic
340 1885 536 1970 aedificarat,
559 1888 647 1954 utin
667 1885 819 1954 omnibus
837 1884 985 1979 partibus
1003 1882 1130 1952 aedilicii
1146 1879 1192 1948 exi

153 2005 224 2060 tum
241 1991 301 2059 sibi
324 1991 475 2073 haberet,
494 2017 623 2085 semper
644 2017 781 2078 verens,
803 2016 844 2059 ne
865 2014 925 2058 usu
942 1990 1109 2074 eveniret,
1121 1981 1193 2082 quod

152 2097 282 2166 accidit.
299 2099 374 2167 Huc
392 2124 495 2192 quum
506 2097 603 2192 legati
616 2083 863 2167 Romanorum⁵
878 2096 1064 2182 venissent,
1079 2118 1116 2162 ac
1127 2090 1193 2161 mul·

151 2203 290 2270 titudine
305 2201 442 2271 domum
458 2205 528 2296 ejus
543 2201 950 2295 circumdedissent,‘puer
962 2201 1004 2268 ab
1019 2201 1121 2293 janua
1133 2209 1195 2294 pro

154 2309 295 2402 spiciens
323 2308 501 2376 Hannibali
522 2309 629 2394 dixit,
659 2308 770 2404 plures
798 2322 918 2402 praeter
942 2305 1201 2376 consuetudinem

155 2428 300 2482 armatos
315 2439 483 2508 apparere.
505 2417 572 2503 Qui
590 2417 765 2510 imperavit
783 2417 828 2500 ei,
849 2428 886 2482 ut
902 2437 1018 2482 omnes
1041 2413 1127 2481 fores
1143 2408 1206 2480 adi·

158 2632 258 2704 quippe
271 2650 329 2702 qua
346 2643 373 2684 et
392 2633 538 2702 equitatum
555 2633 667 2701 amplec·
708 2632 800 2687 scribit
825 2631 992 2685 Plutarchus.
1015 2661 1058 2674 -
1078 2631 1159 2683 Facile
1173 2634 1213 2679 ἐν

159 2724 256 2765 rantur.
271 2713 370 2765 Confer
383 2711 412 2763 in
428 2713 562 2782 Agesilao,
575 2713 610 2764 11.
710 2725 824 2765 mrum.
840 2711 940 2782 Supple
950 2709 1058 2775 diceus,
1067 2709 1214 2781 subjicient·

212 2790 276 2843 Car.
306 2791 368 2844 XII.
400 2809 423 2843 1.
446 2791 547 2843 Senatui
572 2791 664 2843 detulit
750 2797 775 2853 4.
796 2792 826 2842 In
843 2791 950 2843 catello.
971 2790 1109 2861 Libymm
1122 2793 1216 2841 vomu!

160 2871 274 2942 Sepins,
288 2868 320 2920 ad
333 2882 451 2922 senatum
465 2870 571 2923 referre.
708 2868 865 2923 Plutarchus
877 2871 905 2921 in
915 2869 1077 2933 Flaminino,
1082 2867 1194 2941 cmxx
1202 2897 1218 2926 e

203 2970 229 3002 a.
254 2951 306 3016 (lui
322 2949 461 3000 Hannibale
473 2953 537 3000 vivo.
554 2950 665 3001 Romani
709 2949 822 3020 aliique,
845 2961 872 3002 et
890 2949 932 3001 vel
955 2950 1104 3020 regionem,
1120 2948 1160 3000 rel
1173 2946 1218 2998 τὶν

162 3029 357 3091 Hannibalern,
377 3029 452 3081 annis
465 3028 527 3081 licet
545 3042 570 3081 et
585 3029 666 3081 exilio
708 3043 784 3092 cuns,
803 3029 844 3080 vel
863 3029 1001 3081 castellum
1021 3029 1154 3100 Bithyniae
1175 3026 1220 3078 la*

161 3109 289 3171 fractum,
308 3126 357 3179 pro
378 3107 438 3178 igne
461 3109 603 3170 habebant,
622 3108 666 3163 cui
708 3107 791 3160 ciunt.
805 3107 909 3159 Nomen
922 3107 1074 3179 aLibysao,
1086 3105 1221 3176 bithynie

163 3188 263 3240 abesset
272 3188 356 3251 nihil,
373 3188 425 3240 nisi
438 3190 484 3259 qui
495 3208 557 3242 eum
568 3190 665 3242 excita·
709 3186 807 3249 lluvio,
818 3185 893 3239 (lucit
910 3187 1027 3258 Appian.
1046 3187 1074 3238 in
1088 3184 1216 3257 Syriacis,

160 3278 208 3318 ret.
226 3266 293 3318 Plus
309 3266 471 3332 Flaminino,
486 3287 509 3320 c.
523 3270 665 3321 XXXVII.
709 3266 774 3337 Cap.
791 3268 839 3318 XF.
864 3266 927 3318 Tae.
940 3297 983 3308 -
995 3267 1108 3317 Exitu.
1120 3265 1159 3317 lta
1169 3264 1222 3315 Li-

164 3374 202 3385 -
217 3345 268 3411 Qui
277 3365 293 3394 a
306 3364 360 3412 nge
368 3359 482 3416 peterent.
494 3348 552 3400 atta
562 3346 596 3399 de
608 3366 667 3399 cau·
708 3346 767 3399 vius
778 3357 805 3398 et
820 3344 980 3399 Plutarchus
991 3357 1148 3398 memorant,

161 3440 188 3473 aa
199 3440 231 3473 eo
243 3423 334 3475 missos
345 3425 519 3479 Hannibalem
527 3427 564 3478 ibi
572 3424 666 3495 depre-
750 3426 776 3476 5.
795 3426 1064 3495 &patmum
1076 3425 1221 3494 luterqw‘

163 3498 284 3554 hendisse
294 3502 666 3558 traduntPlusarcbusinFla·
708 3503 831 3574 princeps
847 3515 904 3556 erat
922 3504 957 3568 Q.
969 3503 1154 3566 Flamininus,
1169 3511 1220 3569 qu

163 3579 285 3643 minino,
301 3599 358 3652 cap.
378 3585 428 3635 XX
444 3621 452 3648 ,
467 3597 494 3638 et
517 3586 666 3655 Appianum
709 3581 1216 3652 tactunidllonanavirtuteindifluafl

162 3655 283 3711 derebus
290 3658 666 3734 Syriacis,cap.XI·Aliicum
709 3680 804 3733 paruus
820 3663 922 3714 senatui
940 3675 969 3714 et
990 3663 1070 3715 bouia
1089 3658 1213 3733 probati!-

162 3748 253 3789 uostru
268 3740 442 3794 consentiunt.
456 3745 606 3797 Taseuucu.
710 3741 867 3795 Plutarchus
885 3740 1021 3806 Flamiu.;
1040 3741 1169 3813 Appianas
1180 3736 1210 3786 ἰΙΙ

209 3816 233 3868 3.
262 3817 328 3868 Illud
344 3826 468 3875 musas-ie.
496 3823 577 3876 Puulo
592 3822 667 3874 aliter
710 3818 1208 3891 Syn-Pmservusffltuputlffl

163 3894 268 3958 Liriua3
291 3896 408 3949 Prusiam
430 3919 480 3970 pao
502 3903 620 3974 supplice
641 3913 668 3952 et
710 3902 780 3959 saie.
798 3899 901 3952 Gattioe
928 3901 1011 3952 etiarn
1035 3899 1087 3952 tale
1109 3896 1202 3949 verbam

162 3970 300 4043 taminati,
315 3975 362 4030 sed
382 3978 480 4033 trustra
498 3980 667 4053 deprecatum
711 3997 761 4050 pto
783 3996 862 4033 uarro
887 3977 1024 4032 interdum
1053 3985 1194 4048 ωαῐμῠΰ*
