2768 5198
570 772 804 844 ATTICUS.
1142 777 1216 848 283

155 907 290 989 stituta,
309 917 472 972 vetustate
487 912 586 998 atqu‘e
599 906 724 976 incatria
744 904 873 974 detecta
893 904 1138 1000 prolaberetur,
1158 923 1216 994 ut,
1329 967 1334 975 ,

156 1010 257 1081 Attici
278 1009 465 1095 admonitu,
486 1012 597 1080 Caesar
619 1036 691 1079 eam
713 1010 922 1080 reficiendam
939 1024 1079 1080 curaret.
1098 1013 1214 1107 Neque

156 1141 238 1185 vero
253 1115 296 1184 ab
314 1116 360 1183 M.
381 1118 523 1186 Antonio
536 1119 643 1185 minus
658 1118 776 1186 absens
791 1116 905 1186 litteris
915 1117 1103 1203 colebatur3
1116 1119 1214 1206 adeo,

157 1236 196 1290 ut
213 1236 366 1290 accurate
387 1221 440 1291 ille
460 1247 501 1291 ex
519 1220 640 1291 ultimis
658 1208 782 1309 terris³,
797 1222 878 1316 quid
895 1237 1026 1318 ageret,
1047 1248 1136 1292 curae
1153 1225 1213 1293 sibi

157 1326 296 1398 haberet
316 1330 490 1396 certiorem
512 1328 620 1397 facere
642 1330 796 1398 Atticum.
813 1332 887 1397 Hoc
904 1329 1000 1422 quale
1017 1330 1073 1417 sit,
1088 1328 1214 1399 facilius

157 1434 356 1503 existimabit
375 1435 421 1520 is,
440 1435 497 1526 qui
508 1434 656 1526 judicare
677 1436 813 1530 poterit,
831 1449 961 1528 qtramae
975 1435 1016 1504 sit
1033 1437 1215 1530 sapientiae,

157 1563 275 1608 eorum
296 1541 437 1609 retinere
452 1565 549 1609 usum
562 1540 909 1634 benevolentiamque,
922 1542 1008 1609 iuter
1017 1565 1101 1634 quos
1111 1544 1214 1610 maxi·

159 1669 290 1715 marum
306 1671 417 1715 rerum
438 1670 506 1714 non
520 1646 626 1715 solum
646 1645 825 1732 aemulatio,
842 1646 899 1714 sed
914 1646 1111 1716 obtrectatio
1125 1661 1216 1716 tanta

160 1750 400 1836 intercedebat,
421 1767 576 1846 quantam
604 1752 666 1821 fuit
691 1753 834 1821 incidere
853 1776 985 1822 necesse
1003 1753 1089 1820 inter
1108 1755 1214 1822 Cesa-

160 1882 232 1927 rem
253 1871 351 1951 atque
378 1859 578 1944 Antonium,
600 1884 702 1952 quum
726 1883 760 1927 se
778 1873 916 1952 uterque
941 1860 1124 1953 principem
1148 1882 1215 1927 non

161 1961 269 2034 solum
290 1963 380 2032 urbis
405 1967 580 2050 Romanae,
598 1965 655 2034 sed
673 1965 762 2034 orbis
780 1979 961 2051 terrarum,
978 1987 1049 2032 esse
1071 1978 1215 2059 cuperet.

215 2072 308 2138 XXI.
327 2069 398 2139 Tali
420 2069 519 2140 modo
542 2095 645 2164 quum
664 2084 790 2166 septem
808 2085 842 2139 et
861 2068 1090 2166 septuaginta¹
1113 2094 1217 2139 annos

161 2174 375 2270 complesset,
399 2190 496 2269 utque
520 2176 562 2244 ad
586 2191 765 2246 extremam
792 2190 993 2246 senectutem
1021 2200 1088 2245 non
1109 2178 1217 2245 minus

161 2280 342 2376 dignitate,
358 2305 456 2376 quam
469 2284 574 2374 gratia
591 2282 787 2376 fortunaque
801 2276 981 2371 crevisset(
997 2281 1117 2351 multas
1130 2283 1217 2351 enim

161 2386 360 2457 hereditates
375 2386 464 2456 nulle
479 2386 541 2456 alia
560 2413 616 2473 re,
634 2413 731 2482 quam
744 2389 907 2473 bonitate,
920 2403 970 2456 est
988 2380 1218 2474 consecutus),

162 2507 319 2587 tantaque
337 2495 553 2588 prosperitate
574 2519 653 2564 usus
668 2508 753 2563 esset
773 2493 987 2579 valetudinis,
1002 2508 1041 2562 ut
1055 2495 1148 2562 annis
1159 2495 1217 2561 tri·

162 2600 254 2692 ginta
267 2598 427 2668 medicina
437 2626 504 2669 non
514 2599 724 2694 indiguissem
735 2614 851 2669 nactus
870 2614 920 2669 est
933 2599 1105 2686 morbum,
1117 2624 1216 2693 quem

162 2705 258 2774 initio
270 2719 304 2773 et
318 2707 386 2799 ipse
404 2721 438 2774 et
450 2705 565 2775 medici
579 2721 867 2802 contempserunt:
883 2730 960 2775 nam
976 2720 1135 2802 putarunt
1147 2728 1218 2774 esse

161 2825 335 2880 tenesmon
352 2864 362 2898 ,
384 2814 437 2881 cui
452 2811 594 2881 remedia
616 2811 733 2880 celeria
749 2811 921 2907 faciliaque
935 2812 1215 2907 proponebantur.

163 2918 204 2984 In
217 2917 282 2986 lroc
296 2941 397 3010 quum
412 2932 478 2987 tres
493 2943 619 2987 menses
629 2922 698 2987 sine
712 2917 788 2986 ullis
800 2918 987 3003 doloribus,
999 2933 1216 3013 preterquam

162 3047 247 3116 quos
257 3047 298 3091 ex
308 3025 477 3092 curatione
486 3024 651 3118 capiebat,
665 3027 922 3118 consumpsisset
931 3049 940 3110 3
949 3023 1057 3092 subito
1066 3038 1157 3091 tanta
1170 3024 1218 3090 vis

163 3222 517 3276 -Detaetu.Tectoscilicet
527 3220 669 3275 admodum
712 3200 905 3293 nodnnnquam
927 3222 1117 3292 interpellatam
1127 3219 1218 3281 fuisse,

164 3313 301 3372 corrupto.
712 3301 847 3355 Ciceronis
856 3301 971 3372 epistole
981 3299 1217 3353 indicenths-

210 3381 234 3434 ³.
253 3382 296 3432 Es
312 3382 400 3432 ultimis
416 3385 493 3433 terris.
516 3379 549 3433 Id
567 3392 621 3445 est,
640 3394 670 3433 nt
714 3381 856 3434 Nactmest.
871 3379 1217 3449 Rariorheclocutio,quts

163 3460 354 3531 interpretatur
364 3461 513 3522 Manutius,
527 3480 558 3513 es
572 3463 671 3531 AEgyp·
714 3472 801 3513 tarnen
816 3459 913 3533 passim
926 3471 952 3510 et
967 3457 1076 3511 dibiad
1091 3458 1158 3510 mela
1174 3476 1216 3510 re·

165 3552 213 3603 1⁰3
232 3539 393 3610 tlillegtmt,
408 3540 569 3592 exaltandis
586 3545 670 3602 terrm
713 3541 805 3593 fertur.
818 3538 975 3593 SicSneton.
990 3538 1108 3604 inTito,
1127 3537 1215 3604 fibulis

165 3619 230 3690 quis
243 3618 326 3672 bostis
334 3618 466 3690 jirdicatus
478 3620 610 3672 Antonius
620 3621 671 3672 Ita·
712 3633 804 3672 nactas.
835 3619 895 3671 Tss.
925 3650 965 3660 -
990 3618 1127 3670 Tersesmou.
1142 3617 1216 3670 Gre-

165 3697 201 3750 lis
218 3713 344 3764 oesoerm
371 3698 416 3751 sed
441 3699 509 3752 banc
530 3700 669 3753 lectionem
713 3695 1217 3769 commetirespic‚qcemsicdescribit

166 3777 256 3831 ninus
267 3779 362 3849 probo.
384 3779 518 3832 (locaras.
713 3780 818 3842 Celsus,
831 3780 881 3842 lv,
890 3781 941 3831 18:
956 3804 967 3824 ·
979 3781 1011 3829 In
1027 3777 1078 3830 boc
1090 3794 1163 3848 arque
1178 3789 1216 3828 at·
1276 3767 1311 3825 ⁶-

206 3856 352 3910 crexxl.
373 3876 397 3910 r.
410 3860 671 3929 Quumseptemersep·
713 3877 765 3930 qne
786 3860 813 3911 in
833 3856 991 3910 torminibus
1010 3857 1133 3928 frequens
1150 3855 1217 3909 desi·

168 3941 289 4006 tugiam.
305 3938 359 4002 Qui
377 3949 416 3990 est
435 3957 519 3990 annus
530 3940 670 3990 climcmi·
713 3937 793 3991 dendi
807 3936 937 4010 cupiditas
959 3949 1013 4002 est;
1034 3954 1108 4008 eque
1121 3935 1214 3998 dolor,

165 4034 210 4068 cas
223 4014 433 4070 bebdomadicns
447 4036 572 4088 magnus,
589 4016 671 4070 ducto
712 4019 760 4071 nbi
771 4016 870 4090 aliquid
881 4017 1038 4070 excernitur.
1048 4015 1218 4070 Descendunt

164 4096 316 4166 epunuio
336 4097 364 4148 ln
383 4094 530 4150 undecim:
547 4114 608 4150 ussa
620 4096 670 4149 ed·
713 4095 1181 4170 sutempituitemucisqnesimilis.
1202 4120 1213 4142 ι

166 4179 300 4228 nouam
309 4176 381 4228 siros
392 4175 620 4248 prestantissimae
630 4194 671 4228 es·
712 4176 826 4243 Gellice,
833 4174 1218 4250 ladyssentsrieblanntiusrero

169 4253 282 4317 tinctos,
307 4258 407 4309 meres
422 4256 555 4309 memorie
573 4270 670 4309 monn·
712 4274 744 4309 ex
756 4256 867 4329 Nepotis
881 4251 1099 4329 subsequenu'bns
1114 4252 1218 4315 νεῶς

166 4332 461 4407 mnqnedeclsrsnt.
473 4335 616 4389 &sonus
631 4367 671 4378 -
712 4339 764 4389 sine
784 4336 840 4389 ullis
858 4335 993 4393 ὠίοήόω,
1010 4347 1147 4388 tmesrcon
1163 4349 1218 4385 nun

170 4413 669 4489 Tanqupmpas'teteQuamquidem
712 4415 809 4481 fnisse,
824 4415 978 4469 amaritate
992 4414 1080 4476 Celsi,
1095 4412 1218 4466 affirmat.
