2706 4770
263 362 331 429 DE
355 362 636 430 CORNELIO
662 361 883 430 NEPOTE.
1012 388 1104 434 xxm

59 517 157 577 num,
189 493 355 560 decimum
385 495 555 586 quintum,
585 507 618 562 et
643 493 806 562 decimum
834 508 961 577 sextum
985 495 1107 590 allegat

57 601 213 691 Sosipater
233 598 421 683 Charisius,
437 597 520 666 libro
536 601 581 666 ΙΙ.
600 601 640 666 In
662 600 712 668 his
727 599 878 668 videntur
896 600 995 668 fuisse
1019 604 1105 671 Vitae

58 706 173 796 Regum
190 707 387 772 Graecorum
401 703 623 796 aliorumque,
639 707 737 772 etiam
753 703 926 773 illustrium
937 709 1103 777 Romano·

57 834 137 893 rum,
149 834 235 902 quas
249 812 362 903 Nepos
378 812 447 903 ipse
461 812 683 902 composuisse
698 835 732 879 se
748 813 902 897 testatur,
916 825 949 879 et
965 811 1047 880 liber
1063 814 1103 882 de

57 913 225 984 illustribus
248 917 435 997 Historicis,
452 939 548 1008 quern
571 917 736 1008 scripsisse
758 941 791 984 se
810 917 911 984 refert
932 919 965 984 in
984 921 1102 988 Dione.

55 1023 102 1088 Sic
116 1023 218 1088 etiam
231 1020 275 1088 de
293 1019 473 1089 illustribus
494 1022 603 1089 Poetis
619 1023 784 1114 scripsisse
803 1022 937 1118 colligas
954 1048 971 1091 c
988 1024 1103 1093 Sueto·

54 1129 101 1193 nio
120 1128 153 1193 in
171 1128 321 1195 Terentii
335 1128 418 1212 vita,
431 1139 465 1194 et
481 1126 523 1194 de
538 1126 734 1195 Oratoribus
748 1126 944 1215 illustribus,
962 1145 1024 1198 etc.

96 1232 198 1299 Liber
205 1230 256 1299 .de
267 1233 346 1299 Vita
364 1234 412 1299 M.
430 1233 536 1300 Porcii
556 1234 690 1300 Catonis
705 1235 881 1325 separatim
895 1236 1034 1327 scriptus
1046 1261 1103 1303 ro·

54 1350 121 1428 gatu
138 1338 260 1423 Attici,
278 1352 317 1405 ut
330 1341 441 1431 Nepos
457 1339 525 1431 ipse
539 1352 654 1406 auctor
669 1339 765 1405 estin
780 1352 927 1407 extremo
942 1339 1049 1409 brevis
1063 1340 1104 1409 de

54 1443 172 1510 Catone
189 1445 533 1528 commemorationis,
554 1468 627 1535 quae
646 1442 745 1511 hodie
765 1457 864 1510 extat.

98 1549 190 1616 fibri
210 1548 254 1616 de
274 1550 342 1616 vita
365 1550 554 1633 Ciceronis,
568 1573 709 1641 quorum
728 1549 871 1642 primum
892 1547 1005 1618 laudat
1023 1549 1105 1619 Gel-

54 1651 124 1733 lius,
143 1656 231 1740 XV,
257 1653 315 1722 28.

96 1758 190 1826 Libri
217 1757 441 1851 Epistolarum
461 1759 503 1827 ad
525 1760 734 1843 Ciceronem,
752 1784 892 1852 quorum
910 1761 1036 1854 primus
1058 1763 1104 1830 ci·

56 1877 134 1931 tatur
154 1888 175 1930 a
196 1866 390 1950 Lactantio,
406 1867 474 1950 111,
498 1860 551 1933 15.
575 1864 863 1951 Quemadmodum
881 1879 915 1933 et
935 1868 1104 1936 Ciceronis

56 1967 88 2034 ad
99 1973 265 2062 Nepotem
278 1968 442 2063 Epistolas
453 1983 713 2039 commemorant
726 1972 899 2039 Suetonius
914 1972 946 2038 in
960 1974 1104 2059 Caesare,

57 2096 117 2166 (ap.
140 2071 208 2160 55,
231 2075 438 2160 Macrobius,
453 2078 595 2168 itemque
611 2073 672 2142 alii.
982 2142 987 2154 ,

98 2181 136 2247 In
147 2179 272 2249 Catulli
282 2180 430 2250 versibus
444 2181 485 2249 ad
499 2184 680 2274 Nepotem,
696 2180 837 2269 «Quum
850 2204 948 2249 ausus
959 2205 1104 2267 es,unus

57 2284 228 2372 ltzlonim,
247 2288 356 2353 Omne
376 2311 483 2355 aevum
505 2286 609 2354 tribus
630 2285 792 2379 explicare
810 2287 948 2372 chartis,
966 2316 983 2351 ιι
1005 2288 1104 2356 Petro

58 2391 183 2459 Possino
198 2393 231 2459 in
247 2394 334 2460 notis
354 2391 396 2459 ad
414 2394 535 2460 Nicetae
549 2391 642 2459 Orat.
658 2391 699 2460 de
714 2391 863 2481 laudibus
883 2394 937 2459 SS.
952 2393 1101 2462 Archan-

58 2495 216 2586 gclorum,
231 2522 264 2590 p.
290 2495 356 2591 59,
373 2521 459 2565 unus
484 2494 617 2565 videtur
636 2497 722 2565 idem
748 2522 817 2566 esse
843 2496 931 2589 quod
947 2503 1100 2592 prtinus,

57 2603 182 2692 perinde
203 2617 241 2669 ut
259 2602 346 2696 apud
366 2604 524 2671 Hebraeos
541 2603 705 2671 interdum
722 2602 848 2687 erlend,
865 2617 898 2671 et
911 2603 999 2696 apud
1017 2607 1104 2673 Grae

59 2732 108 2775 eos
119 2704 166 2785 εἷς
186 2707 251 2776 Sed
271 2710 296 2777 si
310 2710 435 2802 primus
446 2709 508 2778 fuit
516 2708 572 2777 illo
590 2723 738 2802 tempore
748 2712 877 2802 Nepos,
895 2710 950 2802 qui
963 2708 995 2775 id
1006 2733 1103 2777 ausus

59 2827 113 2898 est,
128 2813 222 2883 facile
239 2815 357 2900 ctiam,
373 2838 474 2907 quum
493 2813 641 2883 Catullus
660 2814 838 2900 scriberet,
855 2812 942 2882 solus
956 2839 1026 2881 esse
1045 2839 1103 2906 po·

59 2921 130 2986 tuit:
150 2919 330 3013 alloquitur
349 2922 434 2988 enirn
456 2918 605 2988 Catullus
634 2944 709 2986 eum
738 2934 773 2986 ut
804 2917 971 3012 aequalem.
995 2920 1104 3012 Magis

58 3022 154 3115 placet
176 3025 434 3119 prestantissimi
455 3026 518 3092 viri
536 3028 587 3092 lo.
607 3026 741 3093 Antonii
762 3024 876 3117 Vulpii
895 3023 1104 3114 conjectura,

58 3133 104 3221 qui
118 3131 226 3199 tribus
240 3132 370 3199 chartis
391 3132 625 3224 interpretatur
641 3129 731 3196 libris
747 3154 816 3197 non
832 3127 937 3196 tribus
955 3132 1103 3221 praecise,

58 3236 104 3303 scd
125 3239 257 3330 paucis,
276 3235 328 3304 vel
347 3234 508 3304 brevibus.
534 3235 640 3322 Vide,
659 3237 684 3303 si
707 3233 832 3328 placet,
856 3233 926 3327 ejus
947 3250 1045 3337 notas
1062 3236 1102 3305 ad

58 3342 226 3410 Catillum.

59 3563 277 3657 Fragnoenta,
288 3576 325 3629 et
335 3561 379 3629 de
394 3562 559 3631 Corneliae
569 3565 689 3628 matrtr
700 3561 929 3628 Gracchorum
943 3561 978 3627 E
972 3563 1104 3654 pistola

417 3666 469 3734 ad
484 3670 518 3737 C.
539 3666 736 3735 Gracchum.

102 3861 300 3954 Fragmenta
320 3860 456 3952 Nepotis
478 3858 520 3925 ab
533 3858 665 3927 Andrea
682 3858 818 3927 Sebotto
840 3857 1012 3953 diligenter
1034 3854 1106 3923 col-

60 3959 151 4054 lecta,
170 3979 270 4059 atque
292 3963 369 4034 inde
386 3966 420 4034 in
435 3963 597 4059 plerisque
615 3963 759 4034 Cornelii
777 3963 974 4034 editionibus
991 3981 1105 4028 recusa

877 4080 922 4159 Bt
