2706 4770
154 342 226 418 252
414 348 683 418 CORNELII
710 351 940 418 NEPOTIS

152 487 355 557 deduxerat:
372 489 461 582 quod
476 515 544 558 non
562 491 699 558 minoris
716 491 953 573 existimamus,
976 509 1075 583 quant
1096 510 1185 584 quen·

153 592 232 662 libet
252 593 488 688 amplissimum
508 595 747 664 Sardiniensem
765 595 982 689 triumphum.

205 699 248 766 11.
270 699 485 768 Consulatum
513 703 613 795 gessit
635 726 711 769 cum
730 704 767 770 L.
792 701 927 769 Valerio
946 700 1084 788 Flacco,
1105 697 1184 769 sorte¹

150 806 354 898 provinciam
367 820 483 875 nactus
499 809 691 901 Hispaniam
707 809 906 891 citeriorem,
922 831 1030 900 exque
1047 830 1086 874 ea
1099 808 1187 875 triun

151 909 255 1007 phum
275 911 470 1006 deportavit.
485 910 535 982 Ibi
558 938 660 1006 quum
681 913 802 982 diutius
820 923 1026 1001 moraretur,
1043 915 1078 981 P.
1100 912 1185 1007 Scipio

151 1014 324 1085 Africanus
346 1017 460 1086 consul
479 1020 597 1087 iterum
609 1073 619 1104 ,
631 1020 726 1112 cujus
736 1021 769 1086 in
788 1020 897 1113 priore
911 1017 1089 1087 consulatu
1105 1041 1184 1112 quas

150 1112 204 1188 toi
226 1122 351 1209 iuerat,
367 1122 470 1192 voluit
484 1149 558 1192 eum
579 1124 621 1192 de
642 1126 812 1218 provincia
832 1121 1027 1219 depellere’,
1042 1137 1076 1192 et
1092 1123 1184 1219 ipseei

151 1228 335 1297 succedere.
349 1231 465 1324 Neque
480 1230 545 1299 hoc
559 1255 619 1325 per
634 1243 784 1298 senatum
799 1228 930 1299 efficere
945 1215 1093 1324 potuit³‚
1105 1251 1184 1322 quun

150 1332 283 1425 quidem
305 1336 414 1430 Scipio
435 1337 469 1403 in
496 1337 628 1404 civitate
651 1338 871 1430 principatum
898 1333 1094 1404 obtineret:
1116 1330 1184 1429 qttod

151 1452 222 1506 turn
245 1465 311 1508 non
330 1442 494 1534 potentia,
516 1441 572 1510 sed
587 1442 680 1534 jure,
699 1440 882 1536 respublica
905 1440 1183 1509 administrabam.

150 1543 227 1632 Qua
246 1570 286 1614 ex
304 1571 339 1614 re
361 1549 463 1615 iratus
484 1550 629 1634 senatui,
645 1546 817 1616 consulatu
839 1561 994 1641 peracto,
1013 1545 1183 1642 privatusin

149 1650 232 1718 urbe
253 1639 400 1719 mansit⁴.
418 1656 462 1721 ht
477 1654 579 1739 Cato,
594 1678 712 1722 censor
723 1678 799 1723 cum
816 1653 933 1727 codem
952 1651 1076 1722 Flacco
1088 1651 1183 1734 factu,

149 1779 263 1824 severe
280 1755 411 1849 praefuit
431 1759 460 1825 ei
479 1760 633 1852 potestati
640 1744 661 1825 ⁵.
679 1761 766 1828 Nam
781 1773 815 1828 et
827 1761 860 1827 in
881 1758 1072 1853 complures
1085 1754 1182 1826 nobles

149 1847 410 1949 animadvertit⁶‚
435 1877 467 1931 et
492 1864 610 1934 multas
638 1889 689 1933 res
714 1890 817 1934 novas
839 1867 872 1932 in
897 1864 1045 1934 edictum
1067 1860 1182 1945 addidit,

149 2089 263 2133 terarum
278 2101 394 2138 amorem
407 2123 415 2151 ,
430 2105 585 2159 sensumque
594 2088 654 2158 pul·
698 2090 773 2158 cujus
786 2099 875 2140 noster
887 2087 975 2140 multo
988 2085 1178 2139 studiosissim

149 2156 206 2210 chri
222 2160 249 2212 in
266 2162 391 2216 Romanis
404 2165 529 2218 incitavit.
543 2167 602 2218 Τις.
615 2197 649 2208 -
700 2166 795 2237 passim
811 2186 838 2219 se
854 2166 1006 2237 profitetur.

150 2235 323 2290 Sardiniensem
337 2244 486 2312 triumphuni.
508 2246 529 2296 1.
544 2264 566 2296 e.
576 2263 655 2316 quam
740 2252 767 2307 4,
781 2247 894 2299 Priaatus
907 2251 931 2297 in
945 2245 1005 2296 urbe
1021 2247 1112 2296 munit.
1122 2235 1178 2308 Qui

149 2313 170 2364 si
186 2317 295 2368 omnino
310 2317 413 2372 devicta
426 2334 492 2373 esset
506 2322 634 2376 Sardinia.
699 2343 730 2377 ex
750 2326 808 2377 Liv.
827 2325 995 2388 xxxvut,
1012 2344 1036 2377 c.
1060 2325 1093 2377 is
1108 2334 1131 2375 et
1141 2318 1178 2380 il·

190 2394 254 2448 Car.
280 2398 315 2450 11.
339 2418 362 2451 ι.
384 2399 461 2451 Sorte.
487 2400 563 2453 Sorte
583 2403 655 2454 euim
698 2404 816 2475 suppleri
836 2416 939 2476 potest,
960 2417 1054 2476 postea
1070 2403 1179 2456 timu

149 2476 300 2528 consulibus
329 2476 516 2531 dividebantur
545 2482 655 2552 provin·
699 2483 836 2536 concessit.
844 2485 928 2536 Antea
939 2480 1178 2549 ammonemus

148 2553 204 2619 ciat,
213 2557 365 2609 nominibus
377 2559 404 2610 in
416 2577 509 2610 urnam
521 2561 654 2631 conjectis.
698 2562 728 2614 L.
740 2563 866 2616 Cornelio
875 2561 1001 2633 Scipione
1009 2558 1177 2629 haiatimltf·

148 2663 188 2675 —
204 2635 291 2708 Exque
306 2656 335 2687 ea
354 2639 496 2708 triunphant
513 2639 653 2710 deportant.
699 2653 740 2693 tus
748 2654 839 2694 oontra
849 2642 1014 2695 Antiochum
1026 2641 1176 2713 Syrioerqt!

149 2711 337 2785 'I'riumphasse
367 2717 494 2787 Catonern
528 2731 655 2772 testantur
698 2721 726 2787 in
738 2722 824 2773 Asiam
839 2722 974 2792 proiectus
991 2735 1040 2774 est.
1056 2715 1174 2775 costus

149 2791 285 2863 Appianas
297 2795 324 2848 in
338 2797 450 2862 Iber.‚et
460 2798 615 2851 Plutarchus
626 2800 654 2852 in
698 2801 844 2865 XXXVII,
861 2819 885 2854 ι.
900 2802 962 2854 Tzs.

148 2869 202 2922 vita
217 2875 280 2944 ejus.
298 2875 357 2927 Una
374 2875 444 2927 enim
463 2895 522 2929 cum
544 2878 573 2929 P.
598 2877 654 2931 sci·
739 2880 765 2932 5.
800 2880 883 2932 Severe
909 2882 1016 2951 prefuit
1039 2883 1063 2931 ei
1081 2875 1174 2949 potest&

147 2948 227 3019 pinne
241 2953 334 3006 Nasica
355 2955 455 3007 crebris
476 2957 572 3026 praeliis
592 2957 653 3009 llis·
682 2957 825 3011 -Undeitli
837 2959 976 3011 Censorius·
984 2954 1176 3012 uomminditss

148 3044 231 3099 panos
243 3029 366 3097 domuit,
380 3035 415 3085 ita
428 3047 458 3088 ut
472 3035 598 3105 imperata
614 3037 653 3088 la·
696 3050 743 3089 est.
755 3038 826 3090 Hinc
843 3039 967 3091 Lucanus
982 3037 1019 3091 de
1032 3039 1136 3095 casem
1147 3030 1175 3089 ll·

147 3122 206 3159 cere
217 3111 300 3162 coacti
311 3111 445 3165 sint.Vide
455 3114 514 3166 Liv.
523 3116 651 3168 XXXIV.
699 3117 754 3184 389
768 3135 774 3170 :
794 3144 805 3164 ι
820 3116 908 3189 Rigidi
926 3130 1046 3170 servator
1060 3111 1173 3169 bonesti·

189 3204 214 3238 a.
226 3188 312 3240 Voluit
323 3211 374 3242 eust
383 3192 412 3242 de
419 3197 542 3262 procinctu
554 3195 654 3264 depelle·
696 3195 832 3249 Couarss.

147 3282 183 3323 m,
198 3278 247 3317 etc.
259 3266 371 3340 Propter
383 3272 543 3324 simultatem
557 3271 591 3326 de
601 3293 653 3344 qus
737 3280 763 3328 6.
785 3277 816 3328 ln
839 3276 969 3346 compium
986 3276 1078 3327 nobiles
1093 3264 1175 3326 eniml

146 3345 274 3411 suprad.
697 3355 1176 3420 westnouinttumrtmintnuw

188 3421 213 3472 3.
233 3421 316 3493 Neque
332 3426 376 3476 hoe
385 3447 431 3496 per
441 3443 547 3481 senatum
560 3432 653 3500 esfioem
695 3434 808 3486 sulsrem
819 3453 880 3487 cum
896 3435 1030 3498 maliis,
1043 3431 1112 3506 quod
1122 3420 1174 3482 ³¹5

143 3503 231 3567 ptuit.
250 3500 373 3556 tusciae
389 3519 475 3559 tamen
496 3508 653 3563 Plutarchus
695 3527 818 3577 narrant,
833 3527 925 3566 senatu
942 3515 1037 3566 movit.
1054 3512 1124 3567 cont.
1136 3505 1173 3560 lli·

147 3575 227 3630 tradit
252 3579 279 3630 in
299 3580 487 3657 Catone‚cap.
516 3590 550 3640 II.
577 3591 652 3643 Nihil
695 3592 833 3656 XXXIX,
849 3599 895 3654 its.
912 3593 1175 3645 Ante-danteseia.

147 3655 238 3710 LivIus
253 3655 286 3709 de
299 3658 344 3710 itt·
358 3666 530 3718 successione.
545 3668 606 3721 Tzs.
616 3693 648 3704 -
695 3671 825 3743 proprie:
840 3670 912 3724 uude
933 3673 1103 3724 mmadaenn
1117 3679 1173 3719 W

149 3734 224 3800 (laod
249 3747 296 3787 tara
314 3756 362 3788 sos
377 3747 503 3810 parntis,
520 3746 563 3796 sed
580 3751 648 3815 jum,
695 3754 765 3802 amna
778 3749 849 3822 apud
865 3752 952 3804 Cicer.
971 3771 1022 3824 pro
1035 3747 1172 3805 cruentior»

147 3814 276 3884 respatttu
301 3816 519 3874 administmdetnr.
547 3824 650 3880 Morem
698 3833 750 3892 46,
766 3843 831 3882 extr.
848 3832 908 3884 Tus.
932 3863 973 3874 —
994 3831 1085 3884 Muta
1101 3846 1131 3877 m
1145 3836 1172 3871 θ’

147 3893 229 3946 utatis
252 3912 304 3946 suu
331 3899 438 3968 arguit,
458 3903 558 3972 quippe
587 3917 651 3959 tune
696 3929 736 3959 aes
761 3915 787 3960 in
811 3910 913 3961 &aaut
944 3910 1048 3963 addida.
1080 3906 1171 3959 erim·

145 3988 268 4041 oppressa
285 3975 384 4044 jaceret
400 3980 509 4052 antiqua
524 3981 650 4050 libertas,
694 4005 835 4041 censorum
864 3988 955 4042 edicto
983 4008 1053 4043 nors
1082 3979 1171 4057 qul*
