2706 4770
457 357 908 430 OBSERVATIONES.
1139 365 1208 452 341

144 483 230 557 synod
243 485 295 538 alio
303 484 362 537 loco
371 482 451 538 tradit
461 484 625 552 Herodotus,
639 488 754 561 1.1x‚p.
767 490 960 561 596‚pngnam
968 490 1118 547 describens
1126 495 1217 550 Platae-

144 584 252 618 ensem.
275 565 417 618 contentio
434 565 505 617 enim
525 566 578 619 fuit
600 579 660 619 ante
680 568 749 621 hanc
766 588 881 641 pugnam
903 571 972 623 inter
995 572 1166 628 Athenienses
1187 589 1215 629 et

149 645 299 715 Tegeates,
319 644 378 715 quis
392 645 506 715 populus
521 640 632 698 atteiam
652 659 753 700 teneret
767 666 859 702 cornu.
881 649 1060 720 Opponebaut
1072 654 1214 723 Tegeatnm

151 724 318 794 argumentis
331 724 515 787 Athenienses,
536 743 563 777 se
576 744 664 795 pugna
677 712 842 780 ldarathouia
855 729 947 781 vicisse
968 734 1004 794 46
1019 732 1145 785 nationes.
1170 735 1213 787 Ob

150 802 239 873 hujus
253 804 292 855 rei
307 803 403 855 famam
416 803 522 856 antelati
538 817 599 857 sunt
614 805 798 872 Athenienses,
809 806 987 878 judicantibus
1000 810 1212 866 Lacedaemoniis.

194 882 232 934 V.
247 883 281 934 In
293 881 348 935 vita
367 883 528 935 Themistoclis
542 902 557 935 a
571 884 696 937 Cornelio
713 883 844 957 descripta
856 906 911 939 non
926 890 1023 940 notabo
1039 909 1081 955 ea,
1095 910 1153 961 quse
1168 892 1214 945 ille

153 961 334 1033 pretermisit.
354 963 435 1014 Decet
449 963 521 1014 enim
539 962 730 1044 biographum,
748 966 811 1035 qni,
827 978 857 1017 ut
871 967 926 1036 ipse
941 968 989 1020 alia
1000 970 1135 1023 occasione
1150 990 1213 1043 pro·

151 1041 262 1104 iitetnr,
282 1060 395 1094 summas
413 1054 515 1095 tautum
532 1060 620 1094 rernm
640 1045 767 1114 attingere
783 1045 886 1108 voluit,
905 1047 987 1099 multa
1003 1051 1209 1116 pretermittere.

151 1120 193 1171 Eo
204 1120 319 1190 amplior
326 1121 391 1186 fuit,
403 1140 434 1174 ex
446 1121 567 1173 instituto
574 1140 636 1184 suo,
649 1123 858 1176 inThetuistocle
868 1123 1210 1183 describendoPlutarchus.

150 1200 226 1252 Duos
239 1211 341 1252 tanturn
353 1201 424 1253 locos
434 1201 526 1271 selegi,
542 1201 570 1252 in
585 1202 680 1272 quibus
693 1221 791 1255 errasse
803 1203 956 1256 Cornelium
968 1204 1056 1258 credo.

190 1279 258 1350 Cap.
278 1279 322 1342 lt,
337 1273 362 1340 8.
381 1297 417 1332 1:
442 1305 453 1326 ι
477 1280 581 1331 Primus
596 1293 682 1333 autem
696 1280 791 1359 gradus
807 1282 858 1334 fnit
876 1282 1039 1352 capessendae
1058 1286 1211 1356 reipublicae

154 1357 249 1410 -bello
270 1357 409 1428 Corcyraeo,
427 1371 454 1410 et
465 1354 490 1418 8.
510 1360 544 1412 3:
566 1360 653 1413 Classe
668 1362 788 1414 celeriter
802 1362 910 1426 effecta,
930 1363 1046 1432 prisnnm
1072 1365 1212 1435 Corqrroeos

154 1436 289 1508 «fregit.-
320 1438 446 1490 intestina
467 1437 620 1491 Graecorum
640 1440 721 1504 bella,
744 1459 775 1492 ea
790 1442 915 1504 maxime,
938 1460 997 1512 quse
1012 1444 1090 1512 paulo
1107 1457 1168 1497 ante
1184 1459 1211 1498 et

150 1528 214 1588 post
225 1535 340 1588 pugnarn
352 1517 547 1570 Marathoniam
560 1517 726 1585 acciderunt,
746 1533 799 1573 tam
814 1521 923 1572 solerter
937 1535 1087 1575 enumerata
1103 1537 1164 1576 suut
1177 1525 1216 1576 ab

149 1593 310 1661 Herodoto,
332 1609 361 1649 ut
382 1608 454 1649 certo
475 1596 635 1650 mentionem
664 1599 765 1652 lecisset
779 1599 842 1651 belli
864 1600 1061 1652 Atheniensium
1088 1600 1211 1655 adversus

149 1675 324 1746 Corcyroeos,
351 1675 380 1728 si'
393 1694 510 1746 unquam
530 1689 631 1746 gestum
655 1677 754 1731 inisset.
780 1677 832 1731 Sed
851 1679 918 1730 nihil
938 1681 989 1731 tale
1014 1680 1041 1731 in
1064 1679 1208 1733 Herodoto.

150 1754 273 1825 Exponit
282 1755 371 1826 potius
384 1752 454 1807 idern
466 1755 650 1809 Themistoclis
662 1758 814 1822 consilium,
830 1756 863 1809 de
874 1777 928 1828 quo
938 1759 1209 1812 breviterCoruelins:

154 1856 167 1881 ι
176 1833 247 1886 Nam
253 1852 335 1905 quum
346 1835 458 1905 mannia
471 1835 591 1906 publica,
602 1853 660 1906 quas
675 1855 707 1890 ex
716 1838 826 1890 metallis
839 1836 955 1900 redibat,
972 1838 1110 1907 largitione
1120 1840 1212 1909 magis·

154 1924 296 1966 atratnum
314 1915 455 1985 quotannis
477 1914 617 1978 interiret;
638 1917 683 1968 ille
706 1918 834 1986 persuasit
855 1919 971 1987 populo,
998 1930 1028 1969 ut
1052 1936 1084 1969 ea
1099 1919 1211 1988 pecunia

153 1992 265 2045 «clusis
284 2005 390 2046 centum
416 1993 523 2047 navium
542 1991 723 2047 aedificaretur.
740 2021 750 2040 υ
780 1995 828 2048 llis
847 1996 949 2057 verbis,
965 1997 983 2047 i.
998 1997 1066 2060 Vll,
1089 2016 1115 2066 p.
1135 1998 1211 2064 489:

153 2072 268 2137 sQuum
279 2091 371 2143 magna
385 2073 423 2125 vis
436 2073 580 2145 pecuniane
595 2084 726 2145 proventu
740 2074 920 2138 metallorum,
938 2089 1066 2145 quaesunt
1077 2077 1210 2136 eLameo,

155 2164 245 2204 -esset
257 2152 286 2204 in
301 2152 393 2204 erario
414 2152 628 2216 Atheniensium,
648 2172 730 2223 eaque
750 2167 816 2205 esset
836 2171 908 2223 arque
930 2151 1072 2205 dividenda
1093 2154 1212 2219 viritim,

156 2229 255 2284 -denis
266 2232 296 2283 in
311 2231 426 2301 singulos
439 2231 550 2302 puberes
565 2230 711 2296 drachmis,
726 2245 790 2285 tunc
803 2232 992 2285 Themistocles
1005 2233 1073 2285 hanc
1089 2231 1210 2286 dissuasit

155 2311 385 2363 .Atheniensi1>us
407 2309 643 2377 distributionem,
666 2310 712 2364 sed
738 2330 769 2364 ex
797 2313 908 2382 pecnnia
933 2312 1039 2365 classem
1059 2311 1211 2365 werrarum

157 2390 289 2442 «navium
312 2387 345 2441 nd
365 2390 531 2459 AEgiueticum
549 2391 648 2442 bellurn
670 2409 823 2462 comparare
845 2392 933 2443 suasit.
954 2391 1012 2444 Hoc
1027 2391 1098 2443 enim
1113 2393 1213 2445 bellum

158 2468 293 2522 «Gracia
305 2469 416 2522 salntem
432 2470 533 2532 attulit,
555 2489 649 2540 cogens
669 2471 770 2524 Atticos
791 2471 911 2524 nauticos
930 2469 1018 2522 fieri·
1042 2471 1213 2523 Occasionem

153 2548 219 2601 belli
229 2549 371 2619 AEginetici
386 2546 475 2619 prodit
481 2547 647 2614 Herodotus,
660 2550 678 2601 l.
687 2550 723 2606 V,
736 2569 763 2619 p.
773 2550 826 2603 361
836 2586 845 2612 ,
857 2562 884 2600 et
896 2561 984 2618 aperta
999 2567 1041 2600 res
1053 2561 1104 2610 est,
1120 2549 1213 2601 cadere

151 2645 185 2680 ea
198 2628 229 2681 in
243 2627 343 2681 bellama
364 2627 555 2699 AEgineticnm
573 2646 631 2699 quse
648 2628 802 2687 Cornelius,
827 2627 915 2679 miuus
939 2637 1057 2678 accurate
1077 2627 1213 2679 historiam

151 2706 264 2761 Gracia
276 2707 412 2778 antiquam
427 2720 532 2770 tenens,
548 2704 582 2758 de
601 2708 741 2775 Corcyreo
759 2704 834 2758 dixit.
855 2705 903 2767 At,
922 2701 1090 2775 respondebit
1105 2705 1214 2775 aliquis,

152 2786 265 2840 tom
281 2787 378 2852 etiam,
398 2787 503 2840 vivente
517 2784 707 2848 Themistocle,
730 2804 790 2837 cum
809 2783 955 2854 Corcyraeis
970 2783 1067 2836 bellum
1079 2798 1215 2859 gesserunt

154 2864 345 2919 Athenienses?
364 2864 437 2937 qnod
458 2865 569 2918 nescivit
583 2861 748 2928 Herodotus,
768 2865 843 2935 cujus
857 2883 921 2916 vero
939 2862 1091 2915 memoriam
1112 2863 1215 2933 Nepos,

150 2944 212 2999 aliis
231 2945 310 2998 bonis
333 2945 484 2999 auctoribus
507 2963 583 3005 usus,
611 2943 783 2996 conservavit.
810 2942 843 2996 ld
867 2942 977 2995 omnino
997 2961 1050 2993 non
1068 2942 1213 3012 probabile.

149 3023 325 3078 Athenienses
337 3025 365 3077 in
380 3043 411 3077 eo
427 3022 536 3076 demum
554 3022 696 3087 decennio,
712 3021 785 3092 quod
801 3041 815 3073 a
831 3040 918 3094 pugna
929 3021 1094 3073 Marathonia
1105 3019 1139 3072 ad
1146 3021 1216 3073 Sala·

150 3103 265 3157 minian
277 3103 395 3168 effluxit,
408 3122 517 3174 operam
531 3100 594 3155 dare
607 3114 744 3173 ceperunt
755 3102 794 3155 rei
810 3100 910 3164 navali3
926 3098 1087 3152 occasionem
1102 3099 1216 3170 prebuit

150 3183 254 3237 bellam
269 3183 456 3254 AEgineticum.
477 3181 587 3234 Nullum
603 3181 735 3253 reperitur
754 3182 912 3251 vestigium,
933 3179 984 3231 hoc
1003 3178 1061 3249 ipso
1086 3176 1215 3236 decennio

151 3262 327 3315 Athenienses
342 3261 376 3314 ad
389 3275 488 3315 tantam
499 3261 648 3332 pervenisse
660 3260 820 3330 potentiam,
832 3271 862 3311 ut
875 3258 1028 3328 Corcyraeos
1042 3256 1216 3323 debellarent,

150 3353 211 3395 toto
226 3341 283 3394 t'ere
298 3342 407 3394 Graecise
420 3341 520 3394 ambitu
535 3342 570 3392 ab
581 3340 644 3412 ipsis
653 3337 778 3394 distantes
789 3351 814 3391 et
824 3340 878 3407 jana
890 3335 993 3389 dudum
1005 3337 1071 3388 mari
1085 3349 1213 3407 potentes.

149 3419 341 3490 Eillagitsrunt
358 3420 530 3473 Athenienses
555 3419 606 3472 hac
617 3421 673 3492 ipsa
687 3430 762 3471 etate
781 3437 796 3469 a
816 3415 961 3487 Corcyraeis
975 3416 1114 3480 auxilium,
1133 3435 1217 3488 quum

149 3501 255 3553 Xerxes
269 3500 410 3553 transitum
437 3501 466 3552 in
487 3498 616 3552 Grnciam
636 3510 754 3570 pararet,
769 3509 835 3548 teste
852 3493 1003 3555 Herodoto,
1020 3495 1091 3558 Vll,
1108 3514 1134 3566 p.
1150 3499 1216 3564 489.

151 3578 278 3634 contem
294 3591 356 3632 sunt
370 3591 431 3651 poet
444 3578 472 3631 id
485 3591 588 3648 tempus
601 3577 752 3647 Corcyraei,
768 3594 852 3647 quum
864 3575 892 3627 in
903 3575 974 3627 bello
988 3573 1112 3626 adverstis
1125 3574 1219 3629 Corin·

150 3659 227 3712 thios
246 3672 369 3730 suscepto
387 3677 466 3730 opem
487 3668 608 3728 peterent
624 3656 657 3708 ab
673 3655 893 3718 Atheniensibus,
918 3654 995 3706 sciis
1016 3653 1151 3725 hucusque
1170 3672 1219 3706 neo

148 3737 242 3792 socios
263 3739 344 3791 tuisse
357 3757 406 3791 nec
423 3737 560 3800 inimicos,
576 3735 603 3786 in
616 3734 735 3787 oratione
753 3753 811 3805 qne
824 3735 920 3805 legitur
934 3731 1004 3804 apud
1016 3729 1218 3804 Thucydidem,

148 3819 168 3870 1.
195 3817 226 3880 1,
245 3834 270 3868 c.
296 3819 342 3869 32.
362 3817 462 3874 Asserit
483 3814 597 3886 deniqne
620 3812 808 3884 Thucydides,
828 3814 1031 3867 Themistoclem
1051 3813 1170 3874 exsulem,
1189 3829 1221 3862 ea

149 3894 327 3968 potissimum
343 3915 374 3949 ex
395 3914 471 3950 causa
485 3894 632 3964 confugisse
646 3893 679 3945 sd
692 3893 861 3966 Corcyreos,
878 3892 951 3966 quod
964 3893 1031 3945 bene
1042 3888 1176 3962 quondam
1187 3888 1221 3941 de
1239 3904 1241 3908 ’

150 3975 194 4027 eis
208 3976 352 4041 muueris,
365 3975 384 4027 l.
395 3976 421 4040 1,
439 3995 462 4028 c.
484 3976 548 4028 136.
570 3974 663 4044 ltaque
675 3991 731 4025 non
742 3975 822 4044 fregit
836 3991 888 4026 eos.

192 4051 237 4107 Ad
249 4052 375 4108 eumdem
383 4052 569 4126 Thucydidem
580 4065 707 4125 provocat
717 4053 773 4124 ipse
783 4051 921 4106 Cornelius
930 4051 958 4103 in
965 4050 1019 4103 vita
1025 4047 1224 4114 Themistoclis,

991 4115 1063 4198 223
1143 4192 1144 4196 ,
