2768 5198
113 34 1056 371 -

521 784 855 853 FRAGMENTA.
1144 787 1212 859 301

163 919 274 974 mente
305 903 403 972 fuisse
431 903 627 989 Lucullum,
653 906 710 974 scd
737 930 756 973 a
783 906 925 1000 quodam
953 906 1070 976 liberto
1103 909 1217 980 Callis-

163 1011 262 1079 thenc
287 1011 421 1077 venenis
443 1025 654 1104 corruptum
676 1011 789 1080 datum
811 1026 921 1081 autem
943 1037 1013 1082 esse
1031 1039 1217 1102 venenum,

162 1131 201 1184 ut
227 1114 443 1184 Callisthenes
468 1117 645 1210 impensius
668 1117 711 1184 ab
731 1142 772 1186 eo
792 1118 997 1212 diligeretur,
1019 1120 1108 1213 quod
1132 1121 1216 1213 ejus-

161 1222 254 1291 modi
272 1223 305 1288 vi
328 1219 451 1315 pollere
472 1220 505 1289 id
519 1236 669 1316 putaret3
691 1224 736 1290 ita
752 1247 832 1291 vero
854 1224 1010 1294 alienasse
1028 1239 1062 1294 et
1083 1225 1216 1295 solvisse

162 1342 309 1396 mentem
329 1327 416 1419 ejus,
435 1340 473 1394 ut
494 1325 602 1395 adhuc
623 1330 762 1396 viventis
783 1328 953 1399 facultates
975 1331 1076 1399 frater
1095 1356 1216 1425 procu-

162 1447 260 1502 raret
285 1461 302 1497 υ
327 1433 501 1502 Plutarch.
524 1438 559 1500 ιἰι
576 1435 703 1502 Lzoeull.
723 1458 799 1530 cup.
824 1433 882 1519 43.

215 1541 326 1615 Νέπως
344 1544 359 1604 ό
379 1542 547 1631 Κορνῆλιος
562 1540 650 1629 φησὶν
660 1592 671 1625 ,
683 1544 718 1607 οὐ
736 1541 895 1634 Κράσσου,
911 1544 1047 1634 Βρούτου
1062 1534 1097 1609 δέ
1111 1543 1215 1635 θριαμ-

163 1648 328 1731 βεόσαντος
346 1645 407 1711 άπὸ
426 1649 620 1711 Λουσιτανῶν
640 1646 790 1739 θυγατέρα
807 1658 902 1739 γῆμαι
920 1643 1020 1714 Γαίον.

218 1747 391 1819 Cornelius
411 1750 545 1842 Nepos,
562 1774 630 1820 non
653 1753 778 1839 Crassi,
797 1751 853 1820 sed
871 1754 964 1820 Bruti
985 1753 1070 1845 ejus,
1094 1755 1149 1845 qui
1174 1753 1216 1822 de

161 1856 327 1925 Lusitanis
341 1855 571 1948 triumphavit,
588 1854 688 1924 filiam
702 1871 844 1950 nuptum
862 1859 944 1927 Caio
957 1850 1150 1945 (Graccho)
1163 1858 1216 1926 da·

162 1975 251 2047 tam,
271 1963 324 2029 ait
339 1961 513 2030 Plutarch.
534 1967 570 2031 in
592 1963 735 2031 Gracclt
753 1988 780 2031 c.
806 1988 864 2032 αι.

170 2086 192 2103 ‘
216 2055 335 2152 Ᾰννίβᾳ
360 2058 394 2133 δὲ
417 2073 478 2135 τῶν
500 2068 553 2159 μὲν
573 2064 673 2134 άλλων
700 2068 860 2161 ἐλάχιστος
877 2066 912 2142 ἦν
937 2070 1049 2162 λόγος,
1072 2069 1215 2161 Μάρκελ-

159 2180 216 2240 λον
231 2163 267 2238 δέ
280 2175 471 2240 πεπτωκέναι
484 2173 667 2265 πυθόμενος,
689 2179 779 2253 αὐτὸς
797 2167 958 2268 ἐξέδραμεν
972 2175 1022 2242 ἐπὶ
1037 2177 1088 2242 τὸν
1109 2177 1214 2242 τόπον·

161 2277 216 2347 καὶ
233 2286 278 2362 τῷ
294 2289 387 2369 νεκρῷ
402 2285 561 2370 παραςὰς,
583 2280 634 2346 καὶ
656 2285 750 2347 πολὺν
771 2283 877 2374 χρόνον
901 2285 958 2354 τῆν
979 2305 1013 2348 τε
1037 2285 1137 2373 ῥώμην
1160 2293 1215 2349 τοῦ

159 2387 304 2476 σώματος
323 2384 507 2476 καταμαθὼν
526 2384 577 2451 καὶ
596 2387 633 2452 τὸ
651 2376 748 2471 εἶδος,
766 2389 837 2453 οὔτε
853 2389 952 2477 ρωνῆν
972 2388 1084 2477 άρῆκιν
1105 2391 1216 2479 ὑπερῆ-

163 2513 279 2580 φανον,
297 2492 367 2557 οὕτε
382 2491 437 2557 ἀπ’
455 2488 549 2578 ὅψεως
565 2495 602 2558 τό
619 2495 739 2582 χαῖρον,
757 2497 796 2569 ὡς
817 2490 853 2558 άν
872 2518 918 2570 τις
936 2483 1052 2584 ἐργώδη
1072 2493 1215 2582 πολέμιον

163 2597 216 2663 καὶ
239 2597 331 2687 βαρὺν
356 2594 549 2683 ἀπεκτονὼς,
571 2589 716 2686 ἐξέφηνεν·
742 2597 809 2663 αλλ’
832 2596 1038 2689 ἐπιθαυμάσας
1057 2599 1094 2664 τὸ
1114 2599 1216 2687 παρά-

159 2707 253 2794 λογον
271 2711 326 2779 τῆς
347 2707 507 2789 τελευτῆς,
520 2703 573 2769 τὸν
592 2703 644 2794 μἐν
661 2693 825 2769 δακτυλιον
843 2702 1002 2793 άρειλετο,
1014 2704 1051 2769 τὸ
1074 2694 1110 2769 δέ
1127 2713 1216 2794 σῶμα

162 2809 320 2898 κοσμήσας
344 2809 490 2898 πρέποντι
520 2808 645 2900 κόσμῳ,
664 2809 715 2875 καὶ
741 2809 911 2900 περιςειλας
939 2807 1066 2900 ἐντίμως
1094 2809 1215 2898 ἐκαυσι,

162 2911 215 2980 καὶ
241 2909 283 2979 τὰ
311 2910 440 3002 λείψανα
470 2914 582 2991 συνθεὶς
609 2913 649 2992 ιίς
681 2914 799 2982 καλπαν
828 2916 981 3008 ἀργυρᾶν,
1007 2914 1058 2979 καὶ
1088 2925 1215 3006 χρυσοῦν

162 3020 307 3110 ἐμβαλὼν
325 3021 472 3101 ςέφανον,
495 3020 636 3096 άπίςειλε
656 3023 731 3112 πρὸς
751 3021 805 3086 τὸν
821 3020 894 3086 υἱόν.
914 3022 982 3084 Τῶν
1003 3008 1038 3084 δέ
1059 3012 1215 3110 Νομάδων

161 3124 242 3200 τινὲς
268 3126 481 3216 περιτυχόντες
509 3131 572 3202 τοῖς
594 3119 779 3213 κομίζουσιν,
805 3129 948 3217 ὥρμησαν
969 3123 1157 3214 ἀφαιρεῖσθαι
1178 3127 1215 3192 τὸ

161 3239 282 3321 τεῦχος.
302 3230 625 3322 Ἀντιλαμβανομίνων
641 3222 670 3298 δ’
685 3229 819 3315 ἐκείνων,
832 3215 1041 3320 ἐκβιαζόμενοι
1059 3229 1110 3295 καὶ
1124 3230 1217 3322 μαχό-

162 3361 248 3428 μενοι
269 3326 424 3428 διέρριψαν
444 3335 586 3404 τὰόστοῖ.
707 3376 709 3380 -

216 3440 389 3533 Πυθόμενος
416 3433 452 3508 δὲ
478 3442 635 3531 Ἀννίβας,
658 3444 710 3511 καὶ
734 3447 811 3538 πρὸς
835 3446 905 3521 τοὺς
932 3443 1084 3537 παρόντας
1101 3441 1217 3528 εἰπὼν,

161 3536 263 3613 Οὐδὲν
286 3543 346 3628 οἶρα
367 3539 498 3615 δυνατὸν
515 3548 650 3642 γενέσθαι
668 3546 795 3629 ἄκοντος
818 3550 901 3637 Θεοῦ,
921 3557 985 3628 τοῖς
1004 3549 1057 3640 μὲν
1078 3547 1215 3639 Νομάσιν

162 3650 289 3726 ἐπέθηκε
307 3643 413 3742 δίκην,
436 3657 490 3721 οὐκ
510 3656 557 3722 ίτι
572 3647 606 3722 δέ
626 3647 754 3749 κομιδῆς
776 3656 795 3732 ῆ
817 3643 964 3750 συλλογῆς
983 3665 1043 3721 τῶν
1066 3650 1216 3742 λειψάνων

161 3758 353 3848 ἐφρόντισεν,
371 3765 409 3837 ὡς
429 3751 468 3832 δὴ
491 3759 572 3828 κατὰ
592 3761 655 3829 θεόν
681 3789 751 3831 τινα
767 3763 819 3830 καὶ
844 3773 899 3841 τῆς
917 3768 1059 3837 τελευτῆς
1086 3758 1137 3826 καὶ
1161 3770 1217 3838 τῆς

161 3864 294 3954 άταρίας
319 3866 499 3959 παραλόγως
531 3870 612 3933 οότω
641 3877 686 3953 τῷ
712 3870 884 3960 Μαρκέλλῳ
912 3868 1082 3962 μενομίνιις.
1110 3868 1218 3932 Ταῦτα

161 3968 217 4060 μὲν
243 3966 294 4035 οὖν
316 3969 344 4037 οἱ
365 3970 432 4062 περὶ
454 3974 621 4057 Κορνῆλιον
639 3976 777 4041 Νέπωτα
793 3973 845 4043 καὶ
865 3969 1054 4066 Ουαλόριον’
1076 3966 1217 4064 Μάξιμον

161 4074 332 4167 ἐςοράκασι.
359 4075 466 4161 Λίβιος
490 4069 525 4144 δέ
546 4080 598 4145 καὶ
617 4081 737 4171 Καῖσαρ
762 4086 779 4149 ό
804 4081 936 4164 σιβαςδς
961 4077 1140 4170 κομισθῆναι
1161 4080 1217 4150 τῆν

160 4170 268 4274 ὑδρίαν
283 4181 358 4273 πρὸς
372 4183 426 4248 τὸν
440 4182 501 4250 υἱὸν
520 4183 673 4275 εἰρήκασι,
689 4186 740 4253 καὶ
753 4197 886 4278 ταρῆναι
897 4193 1057 4278 λαμπρῶς.
1215 4206 1218 4211 ⁴

200 4381 225 4415 ι-
238 4362 369 4431 ouum„
379 4362 553 4432 Μόειμοιιι
564 4365 672 4418 «που
716 4365 864 4433 uniam,
881 4367 928 4419 ιιι.
945 4367 989 4429 ν,
1003 4382 1061 4434 ορ.
1080 4380 1107 4426 ι,
1124 4371 1177 4415 ιιι
1187 4365 1219 4425 ο,

162 4438 280 4511 mpexit
293 4440 467 4506 Plutarchus,
476 4461 535 4515 qun
551 4445 674 4498 Valerius
717 4444 751 4499 de
767 4446 860 4500 tunm
872 4445 956 4499 nuci
969 4441 1090 4498 lucelli
1100 4440 1198 4495 retulit.
