2706 4770
496 340 777 410 PRAEFATIO.
1133 364 1168 410 ιιι

105 514 178 558 non
201 486 352 558 sufficere
371 488 423 557 his
442 490 647 584 temporibus
667 489 832 575 arbitrati,
855 514 921 557 non
943 502 1071 556 tantum
1091 512 1168 558 cum

105 637 250 729 Nepotis
263 635 371 703 verbis
382 637 575 704 Graecorum
586 637 844 727 Latinorumque
860 635 1036 702 sententias
1049 634 1169 705 usitate

108 773 326 857 contulimus3
345 774 418 861 sed,
440 789 477 843 ut
497 776 610 869 patria>
627 776 727 869 ipsius
746 787 865 842 nostrae
883 775 975 867 quasi
998 774 1165 868 ingenium

110 915 213 983 editio
225 914 296 983 baec
311 937 397 982 nova
419 938 487 1007 prae
507 937 541 982 se
557 912 671 1000 ferret,
692 910 863 982 Gallorum
882 936 1013 1006 quoque
1035 913 1170 1006 scripto

109 1081 187 1122 rum
209 1054 299 1171 locos
317 1052 438 1122 similes
458 1052 634 1122 identidem
652 1052 876 1139 laudavimus,
897 1078 958 1147 pro
976 1052 1095 1146 quibus
1112 1076 1170 1121 ve·

110 1196 205 1261 niam
226 1218 287 1262 nos
300 1192 353 1262 vel
372 1193 414 1261 ab
433 1191 621 1287 alienigenis
639 1197 871 1287 impetraturos
888 1192 1091 1261 confidimus.
1115 1194 1169 1263 sic

109 1348 164 1419 et,
181 1348 295 1403 exacta
309 1332 564 1427 uniuscujusque
578 1335 785 1428 imperatoris
794 1347 851 1401 aut
864 1332 997 1402 illustris
1013 1335 1073 1402 viri
1085 1336 1170 1422 vita,

111 1486 191 1565 post
212 1474 347 1540 Graecos
368 1472 585 1565 Latinosque,
607 1474 663 1565 qui
687 1472 785 1564 hujus
807 1474 1005 1541 mentionem
1018 1473 1172 1560 fecerint,

110 1611 156 1679 ad
170 1610 296 1681 Gallica
308 1614 406 1680 etiam
420 1613 541 1705 scripta
555 1612 729 1700 lectorem,
742 1612 854 1706 siquid
870 1612 1061 1708 explicatius
1075 1612 1170 1698 velit,

110 1753 322 1821 remittimus.

165 1910 300 1994 Restat,
324 1923 361 1978 ut
381 1908 422 1977 de
439 1907 667 1978 additamentis
689 1933 796 2004 pauca
813 1924 1018 1978 moueantur.
1040 1909 1169 1978 Editio·
1287 1951 1289 1956 ,

109 2073 188 2116 nem
211 2049 298 2118 banc
318 2048 606 2144 locupletavimus,
620 2051 729 2120 statim
750 2050 792 2119 ab
814 2052 922 2139 initio,
937 2052 1016 2119 Vita
1037 2048 1168 2119 Comel.

110 2191 253 2283 Nepotis
271 2213 290 2257 a
304 2192 345 2258 G.
356 2193 385 2258 J.
403 2192 523 2260 Vossio
541 2192 680 2285 scripta,
696 2192 823 2260 Notitia
842 2189 997 2260 litteraria
1014 2193 1042 2259 J.
1057 2191 1098 2258 A.
1114 2192 1171 2257 Fa·

110 2329 225 2416 bricii,
250 2343 399 2398 veterum
426 2353 465 2398 ac
489 2331 710 2398 recentiorum
733 2329 774 2398 de
798 2332 927 2425 Nepote
958 2330 1169 2416 testimoniis3
1209 2401 1211 2405 ,

110 2469 251 2557 exinde,
272 2471 437 2540 mantissa
459 2472 576 2557 instar,
599 2496 709 2539 rerum
731 2470 990 2539 memorabilium
1014 2470 1170 2540 Chrono-

110 2608 202 2703 logia
217 2635 256 2678 ex
268 2609 410 2680 editione
423 2610 526 2680 altera
533 2611 739 2700 Tzschurlxii,
750 2612 793 2681 ob
805 2612 998 2681 brevitatem
1013 2626 1045 2679 et
1059 2610 1171 2697 fidem,

111 2749 308 2845 desumpta,
320 2765 355 2820 ct
366 2752 419 2840 iis,
434 2777 515 2846 quos
529 2766 665 2839 vocant,
677 2752 876 2822 Excursibus
885 2779 896 2820 :-
906 2752 960 2821 hic
971 2755 999 2819 J.
1011 2754 1051 2818 Η.
1064 2748 1172 2819 Schle-
1203 2764 1208 2777 '

112 2888 189 2983 gebi
223 2888 501 2961 Observationum
525 2889 664 2981 librum,
692 2917 791 2985 quern
817 2876 880 2961 Thi
909 2891 987 2960 Chr.
1016 2888 1172 2981 Hadess,

113 3029 194 3098 dum
215 3029 294 3099 alias
311 3030 535 3101 doctissimum
546 3047 580 3101 et
592 3032 634 3101 ad
655 3033 799 3101 fructum
818 3030 1040 3125 plenissimum
1053 3055 1169 3126 agnos·

112 3172 177 3258 cit,
204 3174 416 3265 parcimonia
440 3197 537 3242 causa
562 3175 684 3242 invitus
711 3186 954 3266 suppresserat,
976 3172 1044 3242 fere
1064 3187 1171 3242 totum

113 3314 273 3396 maxima,
298 3326 336 3381 ut
362 3311 427 3381 tale
450 3338 534 3407 opus
560 3312 715 3400 decebat,
745 3336 824 3382 cura
848 3312 986 3382 exscribi
1004 3314 1169 3407 jussimus.

110 3456 283 3522 Excursus
313 3452 443 3521 claudet
466 3453 625 3522 hactenus
651 3452 773 3522 inedita
797 3454 881 3521 inter
904 3452 1118 3522 Plutarchum
1138 3466 1172 3522 et

111 3596 279 3689 Nepotem
297 3596 510 3690 comparatio.
524 3596 610 3665 Tum
628 3609 804 3679 occurrent
824 3594 890 3663 duo
909 3594 1062 3682 Indices,
1083 3619 1171 3663 novo

112 3735 225 3804 studio
244 3735 427 3824 emendati,
441 3735 524 3805 alter
539 3738 714 3807 historicus
735 3752 769 3806 et
787 3737 1042 3832 geographicus,
1060 3758 1170 3830 gram·

108 3876 254 3947 maticus
270 3873 370 3965 alter,
385 3877 584 3972 tandemque
606 3878 709 3947 lndex
724 3878 962 3972 praecipuarum
975 3877 1171 3963 editionum,
