2768 5198
460 373 524 438 ET
550 373 780 442 JUDICIA.
1032 403 1145 450 xxxix

89 501 159 592 pius
181 498 223 567 de
245 524 284 568 eo
306 502 505 569 mentionem
526 503 611 571 facit
636 506 738 573 Ortus
754 506 911 600 siquidem
930 511 963 575 in
984 511 1057 578 vico
1073 513 1144 579 Ve-

90 608 276 675 ronensium
296 605 453 690 Hostilia,
470 609 511 677 ad
531 609 610 678 Padi
630 612 715 704 ripas
730 613 808 698 sito,
823 627 861 681 ut
878 616 1011 683 Tacitus
1030 632 1146 686 auctor

89 726 152 798 est,
172 711 226 779 lib.
243 715 328 780 xlx
350 714 491 783 historiae
512 719 677 810 Augusta.
693 719 770 786 Pius
784 743 916 812 quoque
934 724 1023 815 Papa
1041 726 1092 807 II,
1111 726 1145 791 in

89 820 170 885 Asiae
185 818 424 912 descriptione,
440 845 514 889 eum
533 824 760 891 Veronensem
777 839 889 918 aperte
906 826 1004 895 fuisse
1022 830 1144 898 scribit.

91 923 137 990 Ad
152 924 244 993 bunc
256 924 406 995 Catullus
420 950 503 1020 opus
518 952 613 995 suum
624 931 727 1015 misit,
738 945 894 1023 tauquam
907 933 1012 1001 civem
1026 958 1122 1002 suum
1137 961 1145 1001 ι

95 1030 181 1118 Ormi
196 1030 289 1099 dono
312 1032 457 1125 leptiium
476 1057 595 1103 novum
616 1035 788 1104 libellum?
807 1039 869 1106 Hic
891 1040 923 1105 in
947 1040 1029 1107 urbe
1048 1042 1146 1110 Cice-

11 1156 15 1160 ’
94 1139 176 1204 roms
194 1152 226 1204 et
244 1138 382 1206 Caesaris
397 1153 546 1233 tempore
561 1142 660 1224 vixit,
675 1144 888 1236 pervenitque
903 1169 1007 1239 usque
1022 1146 1063 1214 ad
1077 1149 1143 1215 Au·

96 1244 174 1332 gusti
185 1245 416 1338 principatum.
430 1246 566 1340 Scripsit
577 1247 788 1316 disertissime
801 1249 983 1317 Illustrz'mn
997 1257 1145 1321 otiorum

98 1353 189 1415 vitus.
216 1351 367 1436 Quarum
386 1364 513 1419 tantum
531 1354 704 1445 Pomponii
724 1354 824 1421 Attici
846 1369 954 1441 extat,
974 1380 1045 1448 quae
1060 1372 1145 1425 cete-

100 1474 200 1522 rarum
214 1453 308 1524 facile
325 1460 491 1550 specimen
507 1473 617 1552 potest
628 1460 780 1551 judicari.

386 1669 432 1733 Μ.
455 1670 563 1734 ΑΝΤ.
587 1670 858 1753 MURETUS,

352 1866 418 1910 ΗΒ.
448 1866 504 1910 vu
525 1866 605 1911 VAR.
633 1867 728 1913 LECT·
756 1866 832 1912 CAP.
860 1867 881 1913 l.

157 2036 336 2131 perelegans
358 2050 446 2105 extat
467 2035 586 2104 AEmilii
606 2037 706 2105 Probi
727 2036 769 2105 ad
791 2039 829 2104 T.
851 2040 1070 2131 Pomponium
1089 2042 1145 2107 At·

110 2141 191 2209 ticum
206 2141 348 2229 libellus,
361 2167 428 2237 quo
445 2146 638 2212 Graecorum
654 2145 889 2237 imperatorum
907 2145 981 2212 vitae
997 2144 1145 2213 mundis-

107 2247 173 2315 simo
192 2274 228 2317 ac
251 2251 432 2318 castissimo
454 2251 609 2317 orationis
628 2274 747 2343 genere
769 2248 983 2343 explicantur.

388 2461 602 2530 urnuou.
638 2461 856 2546 Maurus,

272 2669 338 2714 Lm.
368 2668 405 2712 lv
429 2667 779 2730 nilscunnnuuonnm,
804 2668 880 2713 CAP.
905 2670 961 2713 XV.

140 2833 282 2899 Joannes
301 2828 443 2898 Michael
464 2833 604 2914 Brutus,
627 2829 743 2897 nobilis
772 2843 892 2898 nostrae
914 2832 1016 2898 aetatis
1043 2833 1149 2900 Histo

95 2939 189 3024 ricus,
203 2936 373 3007 mensibus
391 2936 630 3030 superioribus,
647 2960 749 3028 quum
761 2935 849 3028 apud
865 2935 1047 3002 Jordanum
1060 2935 1147 3005 Zile-

95 3056 178 3127 tum,
192 3041 425 3136 bibliopolam,
436 3065 596 3127 essemus,
613 3065 665 3109 me
681 3040 972 3134 percunctabatur,
984 3064 1026 3107 an
1039 3041 1147 3113 adhuc

96 3147 220 3217 basilea
240 3174 341 3218 cusus
359 3149 592 3217 essetAEmilii
605 3146 714 3215 Probi
727 3145 866 3214 liberale
882 3150 958 3213 vita
977 3149 1148 3217 excellen-

94 3259 173 3321 tium
187 3262 441 3350 inperatoriam,
460 3278 558 3347 quem
567 3277 630 3347 ego
641 3278 682 3320 ex
694 3265 900 3320 vetustorum
912 3252 1146 3348 exemplarium

93 3359 261 3430 collatione
276 3386 296 3429 a
312 3360 438 3430 mendis
452 3383 521 3428 non
534 3361 647 3453 paucis
657 3360 847 3452 repurgari,
866 3361 1146 3430 annotationibus·

92 3492 153 3558 que
170 3471 262 3553 auxi,
277 3491 316 3536 ac
332 3492 393 3560 pro
409 3467 533 3535 viribus
549 3464 716 3533 illustravi.
733 3465 857 3533 Aderat
871 3464 1035 3534 Amoldus
1055 3466 1146 3537 Arle·

92 3574 185 3660 nius,
213 3574 378 3666 Probique.
402 3573 512 3641 audita
537 3574 730 3656 mentione,
761 3595 795 3638 se
823 3571 893 3663 ejus
924 3569 998 3638 libri
1021 3571 1148 3643 calamo

93 3695 259 3749 exaratum
278 3677 465 3772 exemplar,
478 3677 568 3772 quod
585 3679 742 3745 Ferrariae
754 3678 898 3759 emisset,
916 3677 1037 3746 habere
1055 3679 1146 3749 dixit.

94 3787 193 3879 Hujus
224 3783 354 3879 legendi
380 3808 482 3878 quum
514 3782 710 3852 incredibilis
732 3807 785 3851 me
810 3782 930 3876 cupido
956 3785 1148 3874 incesseret,

93 3892 239 3982 precibus
254 3892 296 3960 ab
314 3916 355 3959 eo
371 3889 539 3975 contendi,
555 3904 593 3957 ut
606 3888 678 3958 libri
696 3889 810 3958 saltem
824 3888 866 3957 ad
881 3890 980 3958 tridui
1000 3903 1148 3982 tempus,

92 4020 154 4088 quo
172 3996 388 4092 percurrendi
399 3995 537 4067 facultas
554 4010 654 4085 esset,
672 3996 752 4064 mihi
764 3997 893 4089 copiam
903 3996 1033 4063 faceret.
1048 3997 1147 4063 Hunc

889 4114 937 4192 cd
