<?xml version="1.0" encoding="UTF-8"?>
<!DOCTYPE html PUBLIC "-//W3C//DTD XHTML 1.0 Transitional//EN"
    "http://www.w3.org/TR/xhtml1/DTD/xhtml1-transitional.dtd">
<html xmlns="http://www.w3.org/1999/xhtml" xml:lang="en" lang="en">
 <head>
  <title>
</title>
<meta http-equiv="Content-Type" content="text/html;charset=utf-8" />
  <meta name='ocr-system' content='tesseract 3.04.00' />
  <meta name='ocr-capabilities' content='ocr_page ocr_carea ocr_par ocr_line ocrx_word'/>
</head>
<body>
  <div class='ocr_page' id='page_1' title='image "./corneliusnepos02nepogoog_0114.png"; bbox 0 0 2706 4770; ppageno 0'>
   <div class='ocr_carea' id='block_1_1' title="bbox 538 367 1217 442">
    <p class='ocr_par' dir='ltr' id='par_1_1' title="bbox 538 367 1217 442">
     <span class='ocr_line' id='line_1_1' title="bbox 538 367 1217 442; baseline 0.012 -8"><span class='ocrx_word' id='word_1_1' title='bbox 538 367 834 437; x_wconf 85' lang='lat' dir='ltr'>LYSANDER.</span> <span class='ocrx_word' id='word_1_2' title='bbox 1168 372 1217 442; x_wconf 80' lang='lat'>63</span> 
     </span>
    </p>
   </div>
   <div class='ocr_carea' id='block_1_2' title="bbox 135 489 1220 1756">
    <p class='ocr_par' dir='ltr' id='par_1_2' title="bbox 135 489 1220 1756">
     <span class='ocr_line' id='line_1_2' title="bbox 135 489 1219 585; baseline 0.005 -19"><span class='ocrx_word' id='word_1_3' title='bbox 135 500 216 585; x_wconf 75' lang='lat' dir='ltr'>sit,</span> <span class='ocrx_word' id='word_1_4' title='bbox 229 497 317 566; x_wconf 78' lang='lat' dir='ltr'>latet.</span> <span class='ocrx_word' id='word_1_5' title='bbox 332 498 412 565; x_wconf 88' lang='lat' dir='ltr'>Non</span> <span class='ocrx_word' id='word_1_6' title='bbox 425 497 511 565; x_wconf 91' lang='lat' dir='ltr'>enim</span> <span class='ocrx_word' id='word_1_7' title='bbox 525 499 649 567; x_wconf 89' lang='lat' dir='ltr'>virtute</span> <span class='ocrx_word' id='word_1_8' title='bbox 659 501 709 567; x_wconf 92' lang='lat' dir='ltr'>sui</span> <span class='ocrx_word' id='word_1_9' title='bbox 721 501 900 585; x_wconf 89' lang='lat' dir='ltr'>exercitus,</span> <span class='ocrx_word' id='word_1_10' title='bbox 919 500 976 568; x_wconf 86' lang='lat' dir='ltr'>sed</span> <span class='ocrx_word' id='word_1_11' title='bbox 993 489 1219 571; x_wconf 80' lang='lat' dir='ltr'>immodestia³</span> 
     </span>
     <span class='ocr_line' id='line_1_3' title="bbox 147 603 1217 702; baseline 0.006 -33"><span class='ocrx_word' id='word_1_12' title='bbox 147 603 279 673; x_wconf 84' lang='lat' dir='ltr'>factum</span> <span class='ocrx_word' id='word_1_13' title='bbox 289 616 339 671; x_wconf 91' lang='lat' dir='ltr'>est</span> <span class='ocrx_word' id='word_1_14' title='bbox 346 603 611 672; x_wconf 85' lang='lat' dir='ltr'>adversariorum</span> <span class='ocrx_word' id='word_1_15' title='bbox 625 631 634 688; x_wconf 92' lang='lat'>;</span> <span class='ocrx_word' id='word_1_16' title='bbox 647 607 721 698; x_wconf 87' lang='lat' dir='ltr'>qui,</span> <span class='ocrx_word' id='word_1_17' title='bbox 736 605 824 697; x_wconf 87' lang='lat' dir='ltr'>quod</span> <span class='ocrx_word' id='word_1_18' title='bbox 833 606 921 673; x_wconf 91' lang='lat' dir='ltr'>dicto</span> <span class='ocrx_word' id='word_1_19' title='bbox 934 605 1102 675; x_wconf 77' lang='lat' dir='ltr'>audientes</span> <span class='ocrx_word' id='word_1_20' title='bbox 1114 609 1217 702; x_wconf 71' lang='lat' dir='ltr'>impe⁴</span> 
     </span>
     <span class='ocr_line' id='line_1_4' title="bbox 157 709 1220 805; baseline 0.005 -28"><span class='ocrx_word' id='word_1_21' title='bbox 157 710 321 779; x_wconf 81' lang='lat' dir='ltr'>rasoribus</span> <span class='ocrx_word' id='word_1_22' title='bbox 331 713 398 778; x_wconf 89' lang='lat' dir='ltr'>suis</span> <span class='ocrx_word' id='word_1_23' title='bbox 408 734 475 777; x_wconf 92' lang='lat' dir='ltr'>non</span> <span class='ocrx_word' id='word_1_24' title='bbox 488 724 598 797; x_wconf 91' lang='lat' dir='ltr'>erant,</span> <span class='ocrx_word' id='word_1_25' title='bbox 613 709 763 805; x_wconf 83' lang='lat' dir='ltr'>dispalati</span> <span class='ocrx_word' id='word_1_26' title='bbox 775 711 807 777; x_wconf 93' lang='lat' dir='ltr'>in</span> <span class='ocrx_word' id='word_1_27' title='bbox 817 711 918 804; x_wconf 83' lang='lat' dir='ltr'>agris,</span> <span class='ocrx_word' id='word_1_28' title='bbox 934 710 1053 780; x_wconf 90' lang='lat' dir='ltr'>relictis</span> <span class='ocrx_word' id='word_1_29' title='bbox 1063 713 1220 802; x_wconf 85' lang='lat' dir='ltr'>navibus,</span> 
     </span>
     <span class='ocr_line' id='line_1_5' title="bbox 165 815 1218 910; baseline 0.009 -31"><span class='ocrx_word' id='word_1_30' title='bbox 165 816 197 882; x_wconf 94' lang='lat' dir='ltr'>in</span> <span class='ocrx_word' id='word_1_31' title='bbox 212 817 357 884; x_wconf 89' lang='lat' dir='ltr'>hostium</span> <span class='ocrx_word' id='word_1_32' title='bbox 382 830 545 883; x_wconf 85' lang='lat' dir='ltr'>venerunt</span> <span class='ocrx_word' id='word_1_33' title='bbox 569 830 774 910; x_wconf 86' lang='lat' dir='ltr'>potestatem.</span> <span class='ocrx_word' id='word_1_34' title='bbox 796 817 874 904; x_wconf 91' lang='lat' dir='ltr'>Quo</span> <span class='ocrx_word' id='word_1_35' title='bbox 896 815 983 885; x_wconf 81' lang='lat' dir='ltr'>facto</span> <span class='ocrx_word' id='word_1_36' title='bbox 1003 817 1218 889; x_wconf 79' lang='lat' dir='ltr'>Athenienses</span> 
     </span>
     <span class='ocr_line' id='line_1_6' title="bbox 174 921 1218 1016; baseline 0.007 -29"><span class='ocrx_word' id='word_1_37' title='bbox 174 921 669 990; x_wconf 85' lang='lat' dir='ltr'>selaeedaemoniisdediderunt.</span> <span class='ocrx_word' id='word_1_38' title='bbox 685 925 756 989; x_wconf 84' lang='lat' dir='ltr'>Hac</span> <span class='ocrx_word' id='word_1_39' title='bbox 764 923 901 990; x_wconf 86' lang='lat' dir='ltr'>victoria</span> <span class='ocrx_word' id='word_1_40' title='bbox 914 922 1084 1016; x_wconf 80' lang='lat' dir='ltr'>Lysander</span> <span class='ocrx_word' id='word_1_41' title='bbox 1097 922 1218 1009; x_wconf 78' lang='lat' dir='ltr'>elatus,</span> 
     </span>
     <span class='ocr_line' id='line_1_7' title="bbox 177 1026 1218 1120; baseline 0.004 -26"><span class='ocrx_word' id='word_1_42' title='bbox 177 1051 258 1119; x_wconf 88' lang='lat' dir='ltr'>quum</span> <span class='ocrx_word' id='word_1_43' title='bbox 274 1041 374 1094; x_wconf 81' lang='lat' dir='ltr'>antea</span> <span class='ocrx_word' id='word_1_44' title='bbox 387 1051 519 1120; x_wconf 82' lang='lat' dir='ltr'>semper</span> <span class='ocrx_word' id='word_1_45' title='bbox 532 1027 686 1096; x_wconf 87' lang='lat' dir='ltr'>factiosus</span> <span class='ocrx_word' id='word_1_46' title='bbox 700 1027 872 1119; x_wconf 83' lang='lat' dir='ltr'>audaxque</span> <span class='ocrx_word' id='word_1_47' title='bbox 887 1026 1016 1114; x_wconf 88' lang='lat' dir='ltr'>fuisset,</span> <span class='ocrx_word' id='word_1_48' title='bbox 1032 1031 1078 1096; x_wconf 90' lang='lat' dir='ltr'>sic</span> <span class='ocrx_word' id='word_1_49' title='bbox 1095 1031 1155 1098; x_wconf 86' lang='lat' dir='ltr'>sibi</span> <span class='ocrx_word' id='word_1_50' title='bbox 1169 1033 1218 1098; x_wconf 89' lang='lat' dir='ltr'>in·</span> 
     </span>
     <span class='ocr_line' id='line_1_8' title="bbox 180 1120 1218 1226; baseline 0.008 -29"><span class='ocrx_word' id='word_1_51' title='bbox 180 1120 287 1219; x_wconf 73' lang='lat' dir='ltr'>dulsit⁴‚</span> <span class='ocrx_word' id='word_1_52' title='bbox 305 1147 343 1200; x_wconf 90' lang='lat' dir='ltr'>ut</span> <span class='ocrx_word' id='word_1_53' title='bbox 350 1134 420 1226; x_wconf 88' lang='lat' dir='ltr'>ejus</span> <span class='ocrx_word' id='word_1_54' title='bbox 434 1156 535 1225; x_wconf 82' lang='lat' dir='ltr'>opera</span> <span class='ocrx_word' id='word_1_55' title='bbox 550 1135 584 1200; x_wconf 93' lang='lat' dir='ltr'>in</span> <span class='ocrx_word' id='word_1_56' title='bbox 596 1135 775 1200; x_wconf 80' lang='lat' dir='ltr'>maximum</span> <span class='ocrx_word' id='word_1_57' title='bbox 790 1131 903 1199; x_wconf 91' lang='lat' dir='ltr'>odium</span> <span class='ocrx_word' id='word_1_58' title='bbox 916 1134 1052 1202; x_wconf 82' lang='lat' dir='ltr'>Groeciae</span> <span class='ocrx_word' id='word_1_59' title='bbox 1066 1136 1218 1205; x_wconf 82' lang='lat' dir='ltr'>Lacedae·</span> 
     </span>
     <span class='ocr_line' id='line_1_9' title="bbox 181 1239 1220 1333; baseline 0.005 -28"><span class='ocrx_word' id='word_1_60' title='bbox 181 1241 259 1306; x_wconf 90' lang='lat' dir='ltr'>nonii</span> <span class='ocrx_word' id='word_1_61' title='bbox 274 1240 496 1333; x_wconf 84' lang='lat' dir='ltr'>pervenerint.</span> <span class='ocrx_word' id='word_1_62' title='bbox 511 1240 597 1307; x_wconf 91' lang='lat' dir='ltr'>Nam</span> <span class='ocrx_word' id='word_1_63' title='bbox 611 1263 714 1332; x_wconf 90' lang='lat' dir='ltr'>quum</span> <span class='ocrx_word' id='word_1_64' title='bbox 728 1239 815 1306; x_wconf 91' lang='lat' dir='ltr'>hanc</span> <span class='ocrx_word' id='word_1_65' title='bbox 830 1261 962 1306; x_wconf 88' lang='lat' dir='ltr'>causam</span> <span class='ocrx_word' id='word_1_66' title='bbox 979 1240 1220 1310; x_wconf 74' lang='lat' dir='ltr'>Lacedaemonii</span> 
     </span>
     <span class='ocr_line' id='line_1_10' title="bbox 182 1333 1218 1438; baseline 0.004 -26"><span class='ocrx_word' id='word_1_67' title='bbox 182 1342 362 1413; x_wconf 78' lang='lat' dir='ltr'>dictitassent</span> <span class='ocrx_word' id='word_1_68' title='bbox 383 1343 444 1411; x_wconf 87' lang='lat' dir='ltr'>sibi</span> <span class='ocrx_word' id='word_1_69' title='bbox 459 1368 528 1411; x_wconf 87' lang='lat' dir='ltr'>esse</span> <span class='ocrx_word' id='word_1_70' title='bbox 545 1343 635 1431; x_wconf 88' lang='lat' dir='ltr'>belli,</span> <span class='ocrx_word' id='word_1_71' title='bbox 654 1358 691 1411; x_wconf 92' lang='lat' dir='ltr'>ut</span> <span class='ocrx_word' id='word_1_72' title='bbox 711 1343 961 1411; x_wconf 83' lang='lat' dir='ltr'>Atheniensium</span> <span class='ocrx_word' id='word_1_73' title='bbox 984 1333 1218 1438; x_wconf 91' lang='lat' dir='ltr'>impotentem⁵</span> 
     </span>
     <span class='ocr_line' id='line_1_11' title="bbox 183 1447 1219 1543; baseline 0.007 -29"><span class='ocrx_word' id='word_1_74' title='bbox 183 1448 419 1518; x_wconf 84' lang='lat' dir='ltr'>dominationem</span> <span class='ocrx_word' id='word_1_75' title='bbox 434 1449 652 1543; x_wconf 87' lang='lat' dir='ltr'>refringerent</span> <span class='ocrx_word' id='word_1_76' title='bbox 664 1476 673 1536; x_wconf 89' lang='lat'>;</span> <span class='ocrx_word' id='word_1_77' title='bbox 687 1462 861 1543; x_wconf 89' lang='lat' dir='ltr'>postquam</span> <span class='ocrx_word' id='word_1_78' title='bbox 878 1447 966 1542; x_wconf 91' lang='lat' dir='ltr'>apud</span> <span class='ocrx_word' id='word_1_79' title='bbox 983 1450 1083 1543; x_wconf 83' lang='lat' dir='ltr'>AEgos</span> <span class='ocrx_word' id='word_1_80' title='bbox 1096 1451 1219 1521; x_wconf 86' lang='lat' dir='ltr'>llumen</span> 
     </span>
     <span class='ocr_line' id='line_1_12' title="bbox 184 1552 1219 1648; baseline 0.006 -28"><span class='ocrx_word' id='word_1_81' title='bbox 184 1555 329 1648; x_wconf 79' lang='lat' dir='ltr'>Lysander</span> <span class='ocrx_word' id='word_1_82' title='bbox 350 1554 461 1624; x_wconf 89' lang='lat' dir='ltr'>classis</span> <span class='ocrx_word' id='word_1_83' title='bbox 482 1554 628 1623; x_wconf 91' lang='lat' dir='ltr'>hostium</span> <span class='ocrx_word' id='word_1_84' title='bbox 652 1568 702 1622; x_wconf 89' lang='lat' dir='ltr'>est</span> <span class='ocrx_word' id='word_1_85' title='bbox 721 1556 861 1648; x_wconf 89' lang='lat' dir='ltr'>potitus,</span> <span class='ocrx_word' id='word_1_86' title='bbox 880 1552 960 1621; x_wconf 91' lang='lat' dir='ltr'>nihil</span> <span class='ocrx_word' id='word_1_87' title='bbox 978 1553 1067 1623; x_wconf 90' lang='lat' dir='ltr'>aliud</span> <span class='ocrx_word' id='word_1_88' title='bbox 1087 1555 1219 1627; x_wconf 92' lang='lat' dir='ltr'>molitus</span> 
     </span>
     <span class='ocr_line' id='line_1_13' title="bbox 185 1661 1219 1756; baseline 0.004 -28"><span class='ocrx_word' id='word_1_89' title='bbox 185 1674 236 1748; x_wconf 82' lang='lat' dir='ltr'>est,</span> <span class='ocrx_word' id='word_1_90' title='bbox 257 1686 356 1756; x_wconf 87' lang='lat' dir='ltr'>quam</span> <span class='ocrx_word' id='word_1_91' title='bbox 384 1675 422 1728; x_wconf 90' lang='lat' dir='ltr'>ut</span> <span class='ocrx_word' id='word_1_92' title='bbox 443 1684 557 1729; x_wconf 91' lang='lat' dir='ltr'>omnes</span> <span class='ocrx_word' id='word_1_93' title='bbox 580 1662 728 1728; x_wconf 85' lang='lat' dir='ltr'>civitates</span> <span class='ocrx_word' id='word_1_94' title='bbox 750 1661 784 1726; x_wconf 95' lang='lat' dir='ltr'>in</span> <span class='ocrx_word' id='word_1_95' title='bbox 807 1684 867 1727; x_wconf 89' lang='lat' dir='ltr'>sua</span> <span class='ocrx_word' id='word_1_96' title='bbox 888 1675 1016 1729; x_wconf 85' lang='lat' dir='ltr'>teneret</span> <span class='ocrx_word' id='word_1_97' title='bbox 1038 1677 1219 1756; x_wconf 83' lang='lat' dir='ltr'>potestate,</span> 
     </span>
    </p>
   </div>
   <div class='ocr_carea' id='block_1_3' title="bbox 179 1854 1221 4069">
    <p class='ocr_par' dir='ltr' id='par_1_3' title="bbox 179 1854 1221 4069">
     <span class='ocr_line' id='line_1_14' title="bbox 185 1854 1220 1929; baseline 0.004 -23"><span class='ocrx_word' id='word_1_98' title='bbox 185 1884 211 1894; x_wconf 91' lang='lat'><em>-</em></span> <span class='ocrx_word' id='word_1_99' title='bbox 225 1855 296 1908; x_wconf 68' lang='lat' dir='ltr'>laer.</span> <span class='ocrx_word' id='word_1_100' title='bbox 320 1856 361 1908; x_wconf 84' lang='lat' dir='ltr'>Its</span> <span class='ocrx_word' id='word_1_101' title='bbox 379 1854 479 1909; x_wconf 71' lang='lat' dir='ltr'>babent</span> <span class='ocrx_word' id='word_1_102' title='bbox 498 1868 566 1908; x_wconf 80' lang='lat' dir='ltr'>nost.</span> <span class='ocrx_word' id='word_1_103' title='bbox 587 1854 665 1909; x_wconf 85' lang='lat' dir='ltr'>codd.</span> <span class='ocrx_word' id='word_1_104' title='bbox 711 1857 812 1908; x_wconf 73' lang='lat' dir='ltr'>tosstm</span> <span class='ocrx_word' id='word_1_105' title='bbox 832 1868 950 1908; x_wconf 72' lang='lat' dir='ltr'>venerum</span> <span class='ocrx_word' id='word_1_106' title='bbox 959 1869 1109 1928; x_wconf 62' lang='lat' dir='ltr'>moerorem.</span> <span class='ocrx_word' id='word_1_107' title='bbox 1132 1859 1220 1929; x_wconf 82' lang='lat' dir='ltr'>Impe-</span> 
     </span>
     <span class='ocr_line' id='line_1_15' title="bbox 186 1925 1219 2006; baseline 0.004 -20"><span class='ocrx_word' id='word_1_108' title='bbox 186 1933 244 2000; x_wconf 70' lang='lat' dir='ltr'>np&#39;i,</span> <span class='ocrx_word' id='word_1_109' title='bbox 262 1925 292 1986; x_wconf 80' lang='lat' dir='ltr'>n⁰</span> <span class='ocrx_word' id='word_1_110' title='bbox 316 1937 408 1999; x_wconf 76' lang='lat'>5826,</span> <span class='ocrx_word' id='word_1_111' title='bbox 427 1936 501 2004; x_wconf 83' lang='lat'>5837</span> <span class='ocrx_word' id='word_1_112' title='bbox 515 1975 522 2001; x_wconf 88' lang='lat'>,</span> <span class='ocrx_word' id='word_1_113' title='bbox 538 1948 563 1987; x_wconf 92' lang='lat' dir='ltr'>et</span> <span class='ocrx_word' id='word_1_114' title='bbox 580 1936 665 1999; x_wconf 70' lang='lat'>6143.</span> <span class='ocrx_word' id='word_1_115' title='bbox 710 1949 830 1988; x_wconf 77' lang='lat' dir='ltr'>rarorum</span> <span class='ocrx_word' id='word_1_116' title='bbox 853 1937 1031 2006; x_wconf 74' lang='lat' dir='ltr'>negligentis,</span> <span class='ocrx_word' id='word_1_117' title='bbox 1052 1955 1105 1988; x_wconf 91' lang='lat' dir='ltr'>non</span> <span class='ocrx_word' id='word_1_118' title='bbox 1128 1938 1219 1990; x_wconf 89' lang='lat' dir='ltr'>immo·</span> 
     </span>
     <span class='ocr_line' id='line_1_16' title="bbox 187 2008 1219 2086; baseline 0.003 -21"><span class='ocrx_word' id='word_1_119' title='bbox 187 2008 228 2063; x_wconf 73' lang='lat' dir='ltr'>llos</span> <span class='ocrx_word' id='word_1_120' title='bbox 235 2032 296 2085; x_wconf 88' lang='lat' dir='ltr'>opus</span> <span class='ocrx_word' id='word_1_121' title='bbox 303 2027 342 2066; x_wconf 85' lang='lat' dir='ltr'>est</span> <span class='ocrx_word' id='word_1_122' title='bbox 351 2015 433 2086; x_wconf 81' lang='lat' dir='ltr'>igitur</span> <span class='ocrx_word' id='word_1_123' title='bbox 440 2033 500 2066; x_wconf 88' lang='lat' dir='ltr'>cum</span> <span class='ocrx_word' id='word_1_124' title='bbox 510 2013 667 2085; x_wconf 86' lang='lat' dir='ltr'>quibusdam</span> <span class='ocrx_word' id='word_1_125' title='bbox 710 2013 793 2067; x_wconf 83' lang='lat' dir='ltr'>destia</span> <span class='ocrx_word' id='word_1_126' title='bbox 812 2015 949 2076; x_wconf 80' lang='lat' dir='ltr'>militum,</span> <span class='ocrx_word' id='word_1_127' title='bbox 971 2014 1022 2068; x_wconf 88' lang='lat' dir='ltr'>hoc</span> <span class='ocrx_word' id='word_1_128' title='bbox 1045 2016 1161 2069; x_wconf 86' lang='lat' dir='ltr'>evenisse</span> <span class='ocrx_word' id='word_1_129' title='bbox 1182 2018 1219 2069; x_wconf 92' lang='lat' dir='ltr'>ait</span> 
     </span>
     <span class='ocr_line' id='line_1_17' title="bbox 186 2091 1218 2166; baseline 0.003 -22"><span class='ocrx_word' id='word_1_130' title='bbox 186 2091 300 2145; x_wconf 69' lang='lat' dir='ltr'>emendare</span> <span class='ocrx_word' id='word_1_131' title='bbox 311 2106 397 2164; x_wconf 80' lang='lat' dir='ltr'>patet,</span> <span class='ocrx_word' id='word_1_132' title='bbox 410 2094 453 2146; x_wconf 85' lang='lat' dir='ltr'>vel</span> <span class='ocrx_word' id='word_1_133' title='bbox 467 2113 515 2144; x_wconf 84' lang='lat' dir='ltr'>non</span> <span class='ocrx_word' id='word_1_134' title='bbox 539 2095 613 2158; x_wconf 80' lang='lat' dir='ltr'>latet,</span> <span class='ocrx_word' id='word_1_135' title='bbox 626 2094 668 2145; x_wconf 83' lang='lat' dir='ltr'>vel</span> <span class='ocrx_word' id='word_1_136' title='bbox 710 2092 839 2145; x_wconf 88' lang='lat' dir='ltr'>Aristides</span> <span class='ocrx_word' id='word_1_137' title='bbox 851 2093 982 2164; x_wconf 75' lang='lat' dir='ltr'>sophista,</span> <span class='ocrx_word' id='word_1_138' title='bbox 997 2102 1132 2164; x_wconf 71' lang='grc' dir='ltr'><strong>Λευκτρικῷ</strong></span> <span class='ocrx_word' id='word_1_139' title='bbox 1145 2097 1218 2166; x_wconf 75' lang='grc' dir='ltr'><strong>λόγῳ.</strong></span> 
     </span>
     <span class='ocr_line' id='line_1_18' title="bbox 188 2167 1219 2244; baseline 0.003 -21"><span class='ocrx_word' id='word_1_140' title='bbox 188 2167 227 2219; x_wconf 67' lang='lat' dir='ltr'>osa</span> <span class='ocrx_word' id='word_1_141' title='bbox 238 2178 353 2225; x_wconf 68' lang='lat' dir='ltr'>misem.</span> <span class='ocrx_word' id='word_1_142' title='bbox 371 2174 466 2226; x_wconf 86' lang='lat' dir='ltr'>Sensus</span> <span class='ocrx_word' id='word_1_143' title='bbox 481 2186 519 2224; x_wconf 83' lang='lat' dir='ltr'>est</span> <span class='ocrx_word' id='word_1_144' title='bbox 534 2191 596 2225; x_wconf 88' lang='lat' dir='ltr'>:res</span> <span class='ocrx_word' id='word_1_145' title='bbox 613 2173 667 2243; x_wconf 87' lang='lat' dir='ltr'>ipsa</span> <span class='ocrx_word' id='word_1_146' title='bbox 712 2173 841 2225; x_wconf 87' lang='lat' dir='ltr'>Nonnulli</span> <span class='ocrx_word' id='word_1_147' title='bbox 857 2173 909 2226; x_wconf 88' lang='lat' dir='ltr'>hoc</span> <span class='ocrx_word' id='word_1_148' title='bbox 923 2174 1046 2226; x_wconf 84' lang='lat' dir='ltr'>tribuunt</span> <span class='ocrx_word' id='word_1_149' title='bbox 1057 2171 1219 2244; x_wconf 84' lang='lat' dir='ltr'>proditioni,</span> 
     </span>
     <span class='ocr_line' id='line_1_19' title="bbox 188 2250 1218 2324; baseline 0.002 -20"><span class='ocrx_word' id='word_1_150' title='bbox 188 2262 285 2319; x_wconf 60' lang='grc' dir='ltr'>ΨΜ,</span> <span class='ocrx_word' id='word_1_151' title='bbox 306 2254 347 2304; x_wconf 88' lang='lat' dir='ltr'>rei</span> <span class='ocrx_word' id='word_1_152' title='bbox 366 2254 467 2306; x_wconf 74' lang='lat' dir='ltr'>effecte</span> <span class='ocrx_word' id='word_1_153' title='bbox 482 2250 577 2305; x_wconf 88' lang='lat' dir='ltr'>modus</span> <span class='ocrx_word' id='word_1_154' title='bbox 596 2252 667 2304; x_wconf 84' lang='lat' dir='ltr'>latet.</span> <span class='ocrx_word' id='word_1_155' title='bbox 711 2270 763 2322; x_wconf 82' lang='lat' dir='ltr'>qua</span> <span class='ocrx_word' id='word_1_156' title='bbox 777 2250 885 2322; x_wconf 82' lang='lat' dir='ltr'>Tydeus</span> <span class='ocrx_word' id='word_1_157' title='bbox 901 2264 927 2304; x_wconf 87' lang='lat' dir='ltr'>et</span> <span class='ocrx_word' id='word_1_158' title='bbox 946 2251 1122 2315; x_wconf 81' lang='lat' dir='ltr'>Adimantus,</span> <span class='ocrx_word' id='word_1_159' title='bbox 1137 2272 1151 2306; x_wconf 86' lang='lat' dir='ltr'>a</span> <span class='ocrx_word' id='word_1_160' title='bbox 1167 2255 1218 2324; x_wconf 87' lang='lat' dir='ltr'>Ly·</span> 
     </span>
     <span class='ocr_line' id='line_1_20' title="bbox 188 2323 1217 2402; baseline 0.003 -20"><span class='ocrx_word' id='word_1_161' title='bbox 188 2323 260 2382; x_wconf 66' lang='lat' dir='ltr'>bussi·</span> <span class='ocrx_word' id='word_1_162' title='bbox 288 2332 362 2384; x_wconf 85' lang='lat' dir='ltr'>loeus</span> <span class='ocrx_word' id='word_1_163' title='bbox 390 2344 460 2385; x_wconf 80' lang='lat' dir='ltr'>extet</span> <span class='ocrx_word' id='word_1_164' title='bbox 482 2332 509 2383; x_wconf 93' lang='lat' dir='ltr'>in</span> <span class='ocrx_word' id='word_1_165' title='bbox 533 2334 667 2395; x_wconf 83' lang='lat' dir='ltr'>Dstsme,</span> <span class='ocrx_word' id='word_1_166' title='bbox 710 2328 807 2382; x_wconf 74' lang='lat' dir='ltr'>sondro</span> <span class='ocrx_word' id='word_1_167' title='bbox 840 2333 985 2402; x_wconf 85' lang='lat' dir='ltr'>corrupti,</span> <span class='ocrx_word' id='word_1_168' title='bbox 1018 2331 1217 2386; x_wconf 76' lang='lat' dir='ltr'>Atheniensium</span> 
     </span>
     <span class='ocr_line' id='line_1_21' title="bbox 186 2409 1217 2482; baseline 0.005 -22"><span class='ocrx_word' id='word_1_169' title='bbox 186 2410 327 2472; x_wconf 55' lang='lat' dir='ltr'>tminit:</span> <span class='ocrx_word' id='word_1_170' title='bbox 349 2438 360 2457; x_wconf 81' lang='grc' dir='ltr'>ι</span> <span class='ocrx_word' id='word_1_171' title='bbox 385 2412 506 2476; x_wconf 88' lang='lat' dir='ltr'>Quorum</span> <span class='ocrx_word' id='word_1_172' title='bbox 529 2411 580 2462; x_wconf 90' lang='lat' dir='ltr'>nisi</span> <span class='ocrx_word' id='word_1_173' title='bbox 600 2411 668 2464; x_wconf 85' lang='lat' dir='ltr'>ratio</span> <span class='ocrx_word' id='word_1_174' title='bbox 711 2409 817 2461; x_wconf 86' lang='lat' dir='ltr'>classem</span> <span class='ocrx_word' id='word_1_175' title='bbox 842 2411 872 2463; x_wconf 92' lang='lat' dir='ltr'>in</span> <span class='ocrx_word' id='word_1_176' title='bbox 901 2409 1032 2480; x_wconf 81' lang='lat' dir='ltr'>Lysandri</span> <span class='ocrx_word' id='word_1_177' title='bbox 1062 2424 1217 2482; x_wconf 75' lang='lat' dir='ltr'>potestatem</span> 
     </span>
     <span class='ocr_line' id='line_1_22' title="bbox 187 2487 1217 2560; baseline 0 -18"><span class='ocrx_word' id='word_1_178' title='bbox 187 2487 287 2556; x_wconf 68' lang='lat' dir='ltr'>uolitat:</span> <span class='ocrx_word' id='word_1_179' title='bbox 303 2490 403 2557; x_wconf 79' lang='lat' dir='ltr'>fuerit,</span> <span class='ocrx_word' id='word_1_180' title='bbox 416 2509 458 2544; x_wconf 87' lang='lat' dir='ltr'>res</span> <span class='ocrx_word' id='word_1_181' title='bbox 473 2508 600 2560; x_wconf 86' lang='lat' dir='ltr'>apparere</span> <span class='ocrx_word' id='word_1_182' title='bbox 613 2509 668 2542; x_wconf 91' lang='lat' dir='ltr'>non</span> <span class='ocrx_word' id='word_1_183' title='bbox 711 2487 849 2543; x_wconf 80' lang='lat' dir='ltr'>tradidisse</span> <span class='ocrx_word' id='word_1_184' title='bbox 883 2490 1065 2560; x_wconf 84' lang='lat' dir='ltr'>perhibentur.</span> <span class='ocrx_word' id='word_1_185' title='bbox 1096 2493 1217 2544; x_wconf 78' lang='lat' dir='ltr'>Attamen</span> 
     </span>
     <span class='ocr_line' id='line_1_23' title="bbox 187 2558 1219 2641; baseline -0.001 -19"><span class='ocrx_word' id='word_1_186' title='bbox 187 2578 293 2631; x_wconf 66' lang='lat' dir='ltr'>Puteunt</span> <span class='ocrx_word' id='word_1_187' title='bbox 320 2594 333 2615; x_wconf 79' lang='grc' dir='ltr'>ι</span> <span class='ocrx_word' id='word_1_188' title='bbox 364 2570 429 2634; x_wconf 76' lang='lat' dir='ltr'>Quoe</span> <span class='ocrx_word' id='word_1_189' title='bbox 456 2569 556 2622; x_wconf 85' lang='lat' dir='ltr'>seilicet</span> <span class='ocrx_word' id='word_1_190' title='bbox 585 2570 668 2641; x_wconf 86' lang='lat' dir='ltr'>expli·</span> <span class='ocrx_word' id='word_1_191' title='bbox 710 2567 883 2621; x_wconf 80' lang='lat' dir='ltr'>Athenienses</span> <span class='ocrx_word' id='word_1_192' title='bbox 893 2567 1024 2639; x_wconf 71' lang='lat' dir='ltr'>Lysandri</span> <span class='ocrx_word' id='word_1_193' title='bbox 1033 2570 1164 2640; x_wconf 68' lang='lat' dir='ltr'>precipue</span> <span class='ocrx_word' id='word_1_194' title='bbox 1172 2558 1219 2622; x_wconf 89' lang='lat' dir='ltr'>do·</span> 
     </span>
     <span class='ocr_line' id='line_1_24' title="bbox 186 2640 1217 2720; baseline 0 -21"><span class='ocrx_word' id='word_1_195' title='bbox 186 2645 234 2699; x_wconf 77' lang='lat' dir='ltr'>tatio</span> <span class='ocrx_word' id='word_1_196' title='bbox 250 2667 280 2701; x_wconf 85' lang='lat' dir='ltr'>eo</span> <span class='ocrx_word' id='word_1_197' title='bbox 293 2649 460 2720; x_wconf 63' lang='lat' dir='ltr'>probabilior</span> <span class='ocrx_word' id='word_1_198' title='bbox 475 2667 530 2701; x_wconf 86' lang='lat' dir='ltr'>esse</span> <span class='ocrx_word' id='word_1_199' title='bbox 546 2646 668 2712; x_wconf 83' lang='lat' dir='ltr'>videtur,</span> <span class='ocrx_word' id='word_1_200' title='bbox 710 2647 737 2698; x_wconf 91' lang='lat' dir='ltr'>lo</span> <span class='ocrx_word' id='word_1_201' title='bbox 758 2647 883 2717; x_wconf 86' lang='lat' dir='ltr'>prudenti</span> <span class='ocrx_word' id='word_1_202' title='bbox 905 2647 1009 2719; x_wconf 85' lang='lat' dir='ltr'>decepti</span> <span class='ocrx_word' id='word_1_203' title='bbox 1036 2649 1128 2713; x_wconf 81' lang='lat' dir='ltr'>suere,</span> <span class='ocrx_word' id='word_1_204' title='bbox 1150 2640 1181 2700; x_wconf 75' lang='lat' dir='ltr'>u&#39;t</span> <span class='ocrx_word' id='word_1_205' title='bbox 1202 2666 1217 2699; x_wconf 89' lang='lat' dir='ltr'>e</span> 
     </span>
     <span class='ocr_line' id='line_1_25' title="bbox 185 2724 1216 2800; baseline -0.002 -19"><span class='ocrx_word' id='word_1_206' title='bbox 185 2724 238 2792; x_wconf 62' lang='lat' dir='ltr'>quod</span> <span class='ocrx_word' id='word_1_207' title='bbox 251 2728 293 2781; x_wconf 80' lang='lat' dir='ltr'>elii</span> <span class='ocrx_word' id='word_1_208' title='bbox 313 2729 446 2793; x_wconf 69' lang='lat' dir='ltr'>fortune,</span> <span class='ocrx_word' id='word_1_209' title='bbox 462 2728 505 2779; x_wconf 81' lang='lat' dir='ltr'>elii</span> <span class='ocrx_word' id='word_1_210' title='bbox 521 2726 669 2800; x_wconf 89' lang='lat' dir='ltr'>proditioni</span> <span class='ocrx_word' id='word_1_211' title='bbox 711 2726 864 2791; x_wconf 84' lang='lat' dir='ltr'>Plutarcho,</span> <span class='ocrx_word' id='word_1_212' title='bbox 875 2727 903 2778; x_wconf 89' lang='lat' dir='ltr'>in</span> <span class='ocrx_word' id='word_1_213' title='bbox 914 2724 1045 2798; x_wconf 84' lang='lat' dir='ltr'>Lysandri</span> <span class='ocrx_word' id='word_1_214' title='bbox 1053 2727 1116 2791; x_wconf 81' lang='lat' dir='ltr'>vita,</span> <span class='ocrx_word' id='word_1_215' title='bbox 1125 2727 1216 2797; x_wconf 88' lang='lat' dir='ltr'>liquet.</span> 
     </span>
     <span class='ocr_line' id='line_1_26' title="bbox 184 2799 1099 2870; baseline 0.002 -14"><span class='ocrx_word' id='word_1_216' title='bbox 184 2799 240 2856; x_wconf 72' lang='lat' dir='ltr'>dhus</span> <span class='ocrx_word' id='word_1_217' title='bbox 250 2808 391 2860; x_wconf 66' lang='lat' dir='ltr'>uibuerint</span> <span class='ocrx_word' id='word_1_218' title='bbox 403 2808 562 2861; x_wconf 75' lang='lat' dir='ltr'>felicitatem.</span> <span class='ocrx_word' id='word_1_219' title='bbox 711 2803 787 2858; x_wconf 88' lang='lat' dir='ltr'>Adde</span> <span class='ocrx_word' id='word_1_220' title='bbox 803 2807 981 2870; x_wconf 83' lang='lat' dir='ltr'>Frontin.11,</span> <span class='ocrx_word' id='word_1_221' title='bbox 1000 2825 1034 2868; x_wconf 87' lang='lat'>1,</span> <span class='ocrx_word' id='word_1_222' title='bbox 1055 2808 1099 2859; x_wconf 82' lang='lat'>18.</span> 
     </span>
     <span class='ocr_line' id='line_1_27' title="bbox 212 2883 1218 2958; baseline 0 -22"><span class='ocrx_word' id='word_1_223' title='bbox 212 2884 398 2940; x_wconf 60' lang='lat' dir='ltr'>&amp;landone</span> <span class='ocrx_word' id='word_1_224' title='bbox 409 2887 562 2958; x_wconf 67' lang='lat' dir='ltr'>Disciplina</span> <span class='ocrx_word' id='word_1_225' title='bbox 571 2885 668 2941; x_wconf 79' lang='lat' dir='ltr'>milite·</span> <span class='ocrx_word' id='word_1_226' title='bbox 753 2892 779 2949; x_wconf 73' lang='grc'>4.</span> <span class='ocrx_word' id='word_1_227' title='bbox 801 2886 843 2938; x_wconf 85' lang='lat' dir='ltr'>Sic</span> <span class='ocrx_word' id='word_1_228' title='bbox 861 2885 907 2937; x_wconf 82' lang='lat' dir='ltr'>stbt</span> <span class='ocrx_word' id='word_1_229' title='bbox 920 2885 1026 2938; x_wconf 77' lang='lat' dir='ltr'>indulsit.</span> <span class='ocrx_word' id='word_1_230' title='bbox 1042 2883 1085 2936; x_wconf 87' lang='lat' dir='ltr'>Sic</span> <span class='ocrx_word' id='word_1_231' title='bbox 1101 2884 1144 2937; x_wconf 89' lang='lat' dir='ltr'>his</span> <span class='ocrx_word' id='word_1_232' title='bbox 1160 2903 1218 2956; x_wconf 88' lang='lat' dir='ltr'>pes·</span> 
     </span>
     <span class='ocr_line' id='line_1_28' title="bbox 183 2958 1219 3037; baseline -0.005 -16"><span class='ocrx_word' id='word_1_233' title='bbox 183 2958 341 3037; x_wconf 58' lang='lat' dir='ltr'>&amp;neglectu</span> <span class='ocrx_word' id='word_1_234' title='bbox 355 2967 394 3020; x_wconf 89' lang='lat' dir='ltr'>Ut</span> <span class='ocrx_word' id='word_1_235' title='bbox 408 2967 436 3019; x_wconf 92' lang='lat' dir='ltr'>in</span> <span class='ocrx_word' id='word_1_236' title='bbox 447 2965 669 3030; x_wconf 74' lang='lat' dir='ltr'>Alcibiadvm,</span> <span class='ocrx_word' id='word_1_237' title='bbox 711 2966 784 3019; x_wconf 87' lang='lat' dir='ltr'>simis</span> <span class='ocrx_word' id='word_1_238' title='bbox 800 2966 917 3030; x_wconf 80' lang='lat' dir='ltr'>artibus,</span> <span class='ocrx_word' id='word_1_239' title='bbox 935 2962 1050 3017; x_wconf 71' lang='lat' dir='ltr'>audacie</span> <span class='ocrx_word' id='word_1_240' title='bbox 1069 2962 1167 3015; x_wconf 83' lang='lat' dir='ltr'>seilicet</span> <span class='ocrx_word' id='word_1_241' title='bbox 1189 2981 1219 3016; x_wconf 79' lang='lat' dir='ltr'>ee</span> 
     </span>
     <span class='ocr_line' id='line_1_29' title="bbox 182 3041 1218 3118; baseline -0.007 -18"><span class='ocrx_word' id='word_1_242' title='bbox 182 3046 301 3114; x_wconf 66' lang='lat' dir='ltr'>«passim</span> <span class='ocrx_word' id='word_1_243' title='bbox 314 3044 386 3118; x_wconf 80' lang='lat' dir='ltr'>epud</span> <span class='ocrx_word' id='word_1_244' title='bbox 397 3046 528 3099; x_wconf 83' lang='lat' dir='ltr'>Tacitum.</span> <span class='ocrx_word' id='word_1_245' title='bbox 544 3077 584 3087; x_wconf 91' lang='lat'>-</span> <span class='ocrx_word' id='word_1_246' title='bbox 595 3046 670 3097; x_wconf 81' lang='lat' dir='ltr'>Dicto</span> <span class='ocrx_word' id='word_1_247' title='bbox 712 3044 857 3098; x_wconf 74' lang='lat' dir='ltr'>leodunum</span> <span class='ocrx_word' id='word_1_248' title='bbox 872 3043 970 3106; x_wconf 79' lang='lat' dir='ltr'>furori,</span> <span class='ocrx_word' id='word_1_249' title='bbox 986 3041 1082 3113; x_wconf 82' lang='lat' dir='ltr'>paruit.</span> <span class='ocrx_word' id='word_1_250' title='bbox 1099 3073 1138 3084; x_wconf 90' lang='lat'>—</span> <span class='ocrx_word' id='word_1_251' title='bbox 1153 3043 1218 3113; x_wconf 82' lang='lat' dir='ltr'>Ejus</span> 
     </span>
     <span class='ocr_line' id='line_1_30' title="bbox 182 3122 1002 3195; baseline -0.006 -17"><span class='ocrx_word' id='word_1_252' title='bbox 182 3122 291 3178; x_wconf 59' lang='lat' dir='ltr'>Qus.</span> <span class='ocrx_word' id='word_1_253' title='bbox 299 3124 470 3178; x_wconf 84' lang='lat' dir='ltr'>Obedientes.</span> <span class='ocrx_word' id='word_1_254' title='bbox 479 3123 584 3178; x_wconf 89' lang='lat' dir='ltr'>Videin</span> <span class='ocrx_word' id='word_1_255' title='bbox 594 3125 669 3195; x_wconf 86' lang='lat' dir='ltr'>Iphi·</span> <span class='ocrx_word' id='word_1_256' title='bbox 712 3143 792 3195; x_wconf 82' lang='lat' dir='ltr'>opera.</span> <span class='ocrx_word' id='word_1_257' title='bbox 807 3123 919 3193; x_wconf 89' lang='lat' dir='ltr'>Propter</span> <span class='ocrx_word' id='word_1_258' title='bbox 932 3140 1002 3174; x_wconf 89' lang='lat' dir='ltr'>eum.</span> 
     </span>
     <span class='ocr_line' id='line_1_31' title="bbox 181 3200 1219 3275; baseline -0.005 -18"><span class='ocrx_word' id='word_1_259' title='bbox 181 3214 248 3270; x_wconf 67' lang='lat' dir='ltr'>(nte,</span> <span class='ocrx_word' id='word_1_260' title='bbox 269 3205 306 3257; x_wconf 88' lang='grc' dir='ltr'>ΙΙ.</span> <span class='ocrx_word' id='word_1_261' title='bbox 321 3205 418 3257; x_wconf 77' lang='lat' dir='ltr'>Audire</span> <span class='ocrx_word' id='word_1_262' title='bbox 434 3205 509 3256; x_wconf 69' lang='lat' dir='ltr'>atton</span> <span class='ocrx_word' id='word_1_263' title='bbox 522 3204 601 3264; x_wconf 70' lang='lat' dir='ltr'>dieto,</span> <span class='ocrx_word' id='word_1_264' title='bbox 619 3221 669 3275; x_wconf 87' lang='lat' dir='ltr'>pru</span> <span class='ocrx_word' id='word_1_265' title='bbox 754 3203 780 3256; x_wconf 81' lang='lat'>⁵.</span> <span class='ocrx_word' id='word_1_266' title='bbox 808 3202 967 3272; x_wconf 76' lang='lat' dir='ltr'>impotentem.</span> <span class='ocrx_word' id='word_1_267' title='bbox 987 3200 1157 3254; x_wconf 81' lang='lat' dir='ltr'>Effrenatsm.</span> <span class='ocrx_word' id='word_1_268' title='bbox 1179 3234 1219 3245; x_wconf 93' lang='lat'>-</span> 
     </span>
     <span class='ocr_line' id='line_1_32' title="bbox 179 3280 1218 3355; baseline -0.003 -20"><span class='ocrx_word' id='word_1_269' title='bbox 179 3296 245 3344; x_wconf 62' lang='lat' dir='ltr'>nm</span> <span class='ocrx_word' id='word_1_270' title='bbox 255 3285 332 3335; x_wconf 77' lang='lat' dir='ltr'>alicui</span> <span class='ocrx_word' id='word_1_271' title='bbox 343 3284 408 3337; x_wconf 78' lang='lat' dir='ltr'>dicto</span> <span class='ocrx_word' id='word_1_272' title='bbox 418 3284 536 3355; x_wconf 87' lang='lat' dir='ltr'>ponitur.</span> <span class='ocrx_word' id='word_1_273' title='bbox 547 3284 587 3334; x_wconf 79' lang='lat' dir='ltr'>lta</span> <span class='ocrx_word' id='word_1_274' title='bbox 596 3283 670 3353; x_wconf 77' lang='lat' dir='ltr'>galli·</span> <span class='ocrx_word' id='word_1_275' title='bbox 713 3283 804 3352; x_wconf 72' lang='lat' dir='ltr'>AEgos.</span> <span class='ocrx_word' id='word_1_276' title='bbox 821 3280 865 3333; x_wconf 86' lang='lat' dir='ltr'>Sic</span> <span class='ocrx_word' id='word_1_277' title='bbox 876 3280 1005 3334; x_wconf 85' lang='lat' dir='ltr'>Alcibiad.</span> <span class='ocrx_word' id='word_1_278' title='bbox 1014 3280 1097 3346; x_wconf 87' lang='lat' dir='ltr'>vlt1;</span> <span class='ocrx_word' id='word_1_279' title='bbox 1110 3282 1218 3347; x_wconf 86' lang='lat' dir='ltr'>Conon,</span> 
     </span>
     <span class='ocr_line' id='line_1_33' title="bbox 181 3360 1219 3436; baseline -0.003 -21"><span class='ocrx_word' id='word_1_280' title='bbox 181 3362 601 3436; x_wconf 67' lang='lat' dir='ltr'>oe,oddirdqraelqu&#39;uneumoindse</span> <span class='ocrx_word' id='word_1_281' title='bbox 612 3373 669 3414; x_wconf 79' lang='lat' dir='ltr'>mot.</span> <span class='ocrx_word' id='word_1_282' title='bbox 714 3363 736 3415; x_wconf 85' lang='grc' dir='ltr'>Ι.</span> <span class='ocrx_word' id='word_1_283' title='bbox 756 3360 895 3415; x_wconf 81' lang='lat' dir='ltr'>Genitivus</span> <span class='ocrx_word' id='word_1_284' title='bbox 910 3373 998 3414; x_wconf 81' lang='lat' dir='ltr'>autem</span> <span class='ocrx_word' id='word_1_285' title='bbox 1017 3377 1090 3413; x_wconf 77' lang='lat' dir='ltr'>cesus</span> <span class='ocrx_word' id='word_1_286' title='bbox 1112 3362 1144 3414; x_wconf 76' lang='lat' dir='ltr'>eb</span> <span class='ocrx_word' id='word_1_287' title='bbox 1163 3362 1219 3415; x_wconf 75' lang='lat' dir='ltr'>AEe</span> 
     </span>
     <span class='ocr_line' id='line_1_34' title="bbox 181 3434 1218 3512; baseline -0.002 -18"><span class='ocrx_word' id='word_1_288' title='bbox 181 3434 293 3509; x_wconf 59' lang='lat' dir='ltr'>hoidm</span> <span class='ocrx_word' id='word_1_289' title='bbox 313 3444 380 3495; x_wconf 79' lang='lat' dir='ltr'>dicto</span> <span class='ocrx_word' id='word_1_290' title='bbox 403 3444 546 3496; x_wconf 82' lang='lat' dir='ltr'>ablativum</span> <span class='ocrx_word' id='word_1_291' title='bbox 566 3460 669 3495; x_wconf 89' lang='lat' dir='ltr'>oenseo.</span> <span class='ocrx_word' id='word_1_292' title='bbox 713 3441 1047 3512; x_wconf 62' lang='lat' dir='ltr'>nominativo,ell,eapro.</span> <span class='ocrx_word' id='word_1_293' title='bbox 1060 3439 1121 3492; x_wconf 89' lang='lat' dir='ltr'>Non</span> <span class='ocrx_word' id='word_1_294' title='bbox 1130 3453 1218 3494; x_wconf 82' lang='lat' dir='ltr'>temen</span> 
     </span>
     <span class='ocr_line' id='line_1_35' title="bbox 183 3519 1220 3593; baseline 0.002 -22"><span class='ocrx_word' id='word_1_295' title='bbox 183 3546 210 3559; x_wconf 80' lang='lat'><em>—</em></span> <span class='ocrx_word' id='word_1_296' title='bbox 222 3521 410 3591; x_wconf 69' lang='lat' dir='ltr'>inperatoribus·</span> <span class='ocrx_word' id='word_1_297' title='bbox 433 3520 562 3575; x_wconf 77' lang='lat' dir='ltr'>Alcibiadi</span> <span class='ocrx_word' id='word_1_298' title='bbox 578 3520 671 3593; x_wconf 77' lang='lat' dir='ltr'>prasoi-</span> <span class='ocrx_word' id='word_1_299' title='bbox 714 3520 831 3586; x_wconf 86' lang='lat' dir='ltr'>flumen,</span> <span class='ocrx_word' id='word_1_300' title='bbox 846 3521 910 3574; x_wconf 88' lang='lat' dir='ltr'>urbs</span> <span class='ocrx_word' id='word_1_301' title='bbox 924 3539 988 3573; x_wconf 84' lang='lat' dir='ltr'>vero</span> <span class='ocrx_word' id='word_1_302' title='bbox 1008 3520 1045 3572; x_wconf 86' lang='lat' dir='ltr'>sic</span> <span class='ocrx_word' id='word_1_303' title='bbox 1058 3519 1220 3573; x_wconf 81' lang='lat' dir='ltr'>nominatur.</span> 
     </span>
     <span class='ocr_line' id='line_1_36' title="bbox 183 3599 1219 3674; baseline -0.001 -23"><span class='ocrx_word' id='word_1_304' title='bbox 183 3612 226 3663; x_wconf 76' lang='lat' dir='ltr'>pte.</span> <span class='ocrx_word' id='word_1_305' title='bbox 241 3599 310 3654; x_wconf 81' lang='lat' dir='ltr'>Vide</span> <span class='ocrx_word' id='word_1_306' title='bbox 321 3603 350 3654; x_wconf 90' lang='lat' dir='ltr'>in</span> <span class='ocrx_word' id='word_1_307' title='bbox 364 3605 421 3672; x_wconf 85' lang='lat' dir='ltr'>ejus</span> <span class='ocrx_word' id='word_1_308' title='bbox 443 3603 512 3669; x_wconf 82' lang='lat' dir='ltr'>vita,</span> <span class='ocrx_word' id='word_1_309' title='bbox 531 3601 608 3653; x_wconf 90' lang='lat' dir='ltr'>VIII.</span> <span class='ocrx_word' id='word_1_310' title='bbox 631 3633 671 3644; x_wconf 90' lang='lat'><em>-</em></span> <span class='ocrx_word' id='word_1_311' title='bbox 715 3600 882 3674; x_wconf 86' lang='lat' dir='ltr'>Stephanus:</span> <span class='ocrx_word' id='word_1_312' title='bbox 900 3601 974 3670; x_wconf 76' lang='lat' dir='ltr'>Alybe</span> <span class='ocrx_word' id='word_1_313' title='bbox 984 3600 1093 3669; x_wconf 74' lang='grc' dir='ltr'>ποταμοὶ</span> <span class='ocrx_word' id='word_1_314' title='bbox 1104 3602 1181 3662; x_wconf 71' lang='lat' dir='ltr'>,soloe</span> <span class='ocrx_word' id='word_1_315' title='bbox 1195 3603 1219 3652; x_wconf 81' lang='lat' dir='ltr'>lo</span> 
     </span>
     <span class='ocr_line' id='line_1_37' title="bbox 185 3671 1220 3752; baseline 0.002 -22"><span class='ocrx_word' id='word_1_316' title='bbox 185 3673 297 3746; x_wconf 68' lang='lat' dir='ltr'>indeti.</span> <span class='ocrx_word' id='word_1_317' title='bbox 320 3681 381 3734; x_wconf 84' lang='lat' dir='ltr'>Vox</span> <span class='ocrx_word' id='word_1_318' title='bbox 406 3682 493 3734; x_wconf 86' lang='lat' dir='ltr'>minus</span> <span class='ocrx_word' id='word_1_319' title='bbox 521 3693 669 3752; x_wconf 72' lang='lat' dir='ltr'>usurpate,</span> <span class='ocrx_word' id='word_1_320' title='bbox 714 3671 885 3750; x_wconf 66' lang='grc' dir='ltr'>Ελλησπόντῳ.</span> <span class='ocrx_word' id='word_1_321' title='bbox 906 3678 977 3731; x_wconf 84' lang='lat' dir='ltr'>Vide</span> <span class='ocrx_word' id='word_1_322' title='bbox 1001 3676 1070 3730; x_wconf 88' lang='lat' dir='ltr'>Plin.</span> <span class='ocrx_word' id='word_1_323' title='bbox 1094 3680 1140 3745; x_wconf 88' lang='lat' dir='ltr'>ss,</span> <span class='ocrx_word' id='word_1_324' title='bbox 1164 3681 1220 3743; x_wconf 80' lang='lat'>58;</span> 
     </span>
     <span class='ocr_line' id='line_1_38' title="bbox 185 3758 1221 3830; baseline -0.001 -20"><span class='ocrx_word' id='word_1_325' title='bbox 185 3758 254 3822; x_wconf 68' lang='lat' dir='ltr'>sptim</span> <span class='ocrx_word' id='word_1_326' title='bbox 274 3760 428 3830; x_wconf 73' lang='lat' dir='ltr'>disputantes.</span> <span class='ocrx_word' id='word_1_327' title='bbox 453 3760 497 3813; x_wconf 78' lang='lat' dir='ltr'>sic</span> <span class='ocrx_word' id='word_1_328' title='bbox 517 3780 608 3815; x_wconf 84' lang='lat' dir='ltr'>rursus</span> <span class='ocrx_word' id='word_1_329' title='bbox 631 3773 670 3811; x_wconf 82' lang='lat' dir='ltr'>ts·</span> <span class='ocrx_word' id='word_1_330' title='bbox 715 3760 772 3825; x_wconf 87' lang='lat' dir='ltr'>IV,</span> <span class='ocrx_word' id='word_1_331' title='bbox 790 3777 840 3825; x_wconf 78' lang='lat'>¹¹3</span> <span class='ocrx_word' id='word_1_332' title='bbox 856 3759 942 3821; x_wconf 66' lang='lat' dir='ltr'>stela,</span> <span class='ocrx_word' id='word_1_333' title='bbox 960 3760 1002 3820; x_wconf 93' lang='lat'>11,</span> <span class='ocrx_word' id='word_1_334' title='bbox 1022 3779 1047 3810; x_wconf 79' lang='lat' dir='ltr'>a.</span> <span class='ocrx_word' id='word_1_335' title='bbox 1069 3790 1109 3801; x_wconf 95' lang='lat'>-</span> <span class='ocrx_word' id='word_1_336' title='bbox 1130 3758 1221 3811; x_wconf 68' lang='lat' dir='ltr'>clauo</span> 
     </span>
     <span class='ocr_line' id='line_1_39' title="bbox 186 3836 1221 3910; baseline -0.002 -20"><span class='ocrx_word' id='word_1_337' title='bbox 186 3847 232 3886; x_wconf 63' lang='lat' dir='ltr'>Ru</span> <span class='ocrx_word' id='word_1_338' title='bbox 246 3838 408 3893; x_wconf 81' lang='lat' dir='ltr'>inAnnibal.</span> <span class='ocrx_word' id='word_1_339' title='bbox 419 3859 442 3893; x_wconf 91' lang='lat' dir='ltr'>c.</span> <span class='ocrx_word' id='word_1_340' title='bbox 455 3842 496 3904; x_wconf 80' lang='lat' dir='ltr'>V;</span> <span class='ocrx_word' id='word_1_341' title='bbox 510 3854 536 3894; x_wconf 90' lang='lat' dir='ltr'>et</span> <span class='ocrx_word' id='word_1_342' title='bbox 548 3840 671 3905; x_wconf 82' lang='lat' dir='ltr'>Sisenns,</span> <span class='ocrx_word' id='word_1_343' title='bbox 716 3839 816 3891; x_wconf 81' lang='lat' dir='ltr'>hostium</span> <span class='ocrx_word' id='word_1_344' title='bbox 838 3851 873 3890; x_wconf 80' lang='lat' dir='ltr'>est</span> <span class='ocrx_word' id='word_1_345' title='bbox 890 3842 989 3910; x_wconf 69' lang='grc' dir='ltr'>ροείτω.</span> <span class='ocrx_word' id='word_1_346' title='bbox 1011 3839 1080 3891; x_wconf 88' lang='lat' dir='ltr'>Cum</span> <span class='ocrx_word' id='word_1_347' title='bbox 1104 3836 1221 3907; x_wconf 82' lang='lat' dir='ltr'>genitivo</span> 
     </span>
     <span class='ocr_line' id='line_1_40' title="bbox 190 3912 1221 3991; baseline -0.003 -22"><span class='ocrx_word' id='word_1_348' title='bbox 190 3912 374 3978; x_wconf 56' lang='lat' dir='ltr'>wltoniam:</span> <span class='ocrx_word' id='word_1_349' title='bbox 386 3947 397 3967; x_wconf 83' lang='lat'><strong>·</strong></span> <span class='ocrx_word' id='word_1_350' title='bbox 407 3920 671 3991; x_wconf 71' lang='lat' dir='ltr'>Dispalatiebsignis,</span> <span class='ocrx_word' id='word_1_351' title='bbox 716 3919 830 3989; x_wconf 87' lang='lat' dir='ltr'>optimos</span> <span class='ocrx_word' id='word_1_352' title='bbox 849 3917 920 3989; x_wconf 86' lang='lat' dir='ltr'>opud</span> <span class='ocrx_word' id='word_1_353' title='bbox 935 3931 1054 3970; x_wconf 82' lang='lat' dir='ltr'>suctores</span> <span class='ocrx_word' id='word_1_354' title='bbox 1068 3934 1123 3968; x_wconf 90' lang='lat' dir='ltr'>non</span> <span class='ocrx_word' id='word_1_355' title='bbox 1139 3915 1221 3966; x_wconf 87' lang='lat' dir='ltr'>inusi-</span> 
     </span>
     <span class='ocr_line' id='line_1_41' title="bbox 193 3983 1220 4069; baseline -0.011 -13"><span class='ocrx_word' id='word_1_356' title='bbox 193 3983 673 4069; x_wconf 52' lang='lat' dir='ltr'>‘lll&#39;ffllomnesecdissipstia-In</span> <span class='ocrx_word' id='word_1_357' title='bbox 717 3997 919 4052; x_wconf 79' lang='lat' dir='ltr'>tutum.Cioero</span> <span class='ocrx_word' id='word_1_358' title='bbox 934 3992 1220 4064; x_wconf 84' lang='lat' dir='ltr'>Lentulo,1,7:·Si</span> 
     </span>
    </p>
   </div>
   <div class='ocr_carea' id='block_1_4' title="bbox 0 0 1363 4770">
    <p class='ocr_par' dir='ltr' id='par_1_4' title="bbox 0 0 1363 4770">
     <span class='ocr_line' id='line_1_42' title="bbox 0 0 1363 4770; baseline 0 0"><span class='ocrx_word' id='word_1_359' title='bbox 0 0 1363 4770; x_wconf 95' lang='lat' dir='ltr'> </span> 
     </span>
    </p>
   </div>
  </div>
 </body>
</html>
