2706 4770
156 302 231 393 434
569 305 793 374 TABULA.

152 440 245 507 XVI.
306 436 478 532 Pelopidas
481 485 998 505 ...............
1003 421 1038 500 ’.
1067 487 1109 502 ..
1144 434 1204 522 164

151 563 263 630 XVII.
309 560 472 656 Agesilaus
475 609 1110 628 ..................
1144 584 1199 654 ¹7¹

152 688 280 755 XVIII.
306 687 470 753 Eumenes
472 729 1110 752 ..................
1143 682 1204 766 184

152 810 247 877 XIX.
304 806 451 876 Phocion
453 855 1109 874 ..................
1140 803 1203 874 203

152 934 226 998 XX.
306 929 478 999 Timoleon
480 978 1109 998 ..................
1138 952 1203 997 210

151 1056 243 1122 XXI.
303 1056 356 1122 De
378 1054 531 1147 Regibus.
569 1102 726 1120 .....
725 1131 729 1138 ¹
756 1100 1109 1118 ..........
1139 1076 1157 1118 a
1166 1050 1202 1119 18

150 1179 261 1245 XXII.
305 1176 472 1246 Hamilcar
473 1220 1108 1246 ..................
1135 1170 1199 1241 223

149 1303 277 1369 XXIII.
304 1273 507 1370 Hannibal..
537 1352 544 1368 .
572 1295 689 1391 (Ejtu
706 1297 857 1392 ςθῖςιὲε,
884 1320 917 1390 p.
941 1289 1035 1391 69).
1067 1348 1075 1363 .
1103 1346 1110 1363 .
1136 1316 1198 1388 ²²9

149 1424 275 1493 XXIV.
304 1428 389 1496 Cato
391 1472 1110 1492 ....................
1138 1422 1202 1512 249

149 1550 256 1615 XXV.
303 1549 431 1617 Atticus
433 1594 1109 1615 ...................
1138 1539 1202 1613 256

148 1671 292 1741 Cornelii
313 1673 449 1767 Nepotis
469 1670 654 1766 fragmenta
655 1718 1108 1738 .............
1137 1666 1203 1760 289

149 1794 373 1889 Chronologiu
395 1820 506 1864 rerum
525 1790 787 1863 memorabilium
805 1793 840 1859 in
856 1789 1022 1861 Cornelio
1039 1792 1113 1861 Ne·

253 1915 341 1995 pote.
380 1946 1107 1971 ....................
1136 1893 1200 1988 309

149 2069 327 2136 Excursat-
352 2074 525 2138 variorum
547 2068 598 2136 ad
618 2070 715 2139 com.
735 2068 913 2161 Nepotem.
941 2069 972 2134 J.
994 2068 1042 2135 H.
1063 2063 1205 2159 Schlegel

548 2199 815 2270 Observatzones.

147 2358 175 2424 I.
238 2360 291 2426 De
310 2360 347 2428 C.
367 2359 506 2453 Nepotis
526 2359 594 2428 vita
616 2374 649 2429 et
668 2361 795 2456 scriptis
798 2407 1105 2428 .........
1133 2354 1198 2451 319

146 2482 191 2549 Π.
238 2484 290 2551 De
309 2482 456 2552 Cornelii
475 2485 637 2553 scribendi
660 2486 808 2554 instituto
821 2485 855 2551 in
870 2482 964 2552 libris
979 2484 1038 2578 qui
1054 2508 1106 2552 su·

254 2604 391 2683 persunt
394 2638 1108 2659 ....................
1135 2584 1200 2670 3πὰ

147 2711 210 2778 III.
240 2712 495 2782 Observationes
517 2715 636 2783 critioae
654 2727 687 2782 et
707 2711 930 2808 philologioae.
956 2765 996 2780 ..
1026 2766 1034 2782 .
1065 2764 1074 2781 .
1102 2765 1110 2781 .
1137 2708 1200 2781 328

146 2835 206 2902 IV.
240 2837 498 2906 Observationes
527 2839 716 2933 antiquariae
718 2887 1107 2905 ...........
1137 2829 1201 2904 333

147 2957 188 3025 V.
236 2959 492 3028 Observationes
517 2960 679 3031 historicae
682 3011 1108 3028 ............
1138 2954 1201 3027 338

145 3153 323 3222 Excurstu
343 3157 372 3222 J.
395 3154 442 3223 A.
464 3158 574 3238 Bost'i,
599 3156 644 3222 A.
668 3156 748 3222 Van
771 3155 951 3239 Staveren,
979 3156 1141 3239 alibrum,
1162 3149 1206 3220 ad

483 3287 671 3358 Comelmm
694 3287 875 3391 Nepotem.

145 3467 314 3554 Praefatio,
329 3495 360 3563 p.
383 3467 415 3538 3.
437 3470 547 3538 Nullo
566 3467 808 3538 Lacedaemoni
824 3483 895 3536 tam
913 3483 968 3535 est
983 3467 1112 3537 nobile

249 3574 356 3642 ordita
365 3628 376 3660 ,
392 3599 472 3669 qttae
490 3599 559 3644 non
577 3575 628 3643 ad
635 3598 772 3643 scenam
786 3590 848 3642 eat
860 3574 1016 3642 mercede
1026 3599 1109 3643 con-

248 3680 354 3748 ducta
356 3730 1107 3748 .....................
1137 3672 1201 3761 335

146 3793 332 3890 Miltiades,
350 3827 420 3897 cap.
428 3806 473 3889 V,
490 3829 523 3897 p.
543 3801 597 3873 13.
625 3807 727 3873 Nova
744 3819 839 3888 arte,
861 3807 899 3871 vi
917 3825 1112 3874 smum...

250 3952 396 4022 namque
423 3927 564 3996 arbores
564 3977 615 3996 .....
647 3943 749 3996 erant
776 3941 898 3994 straus
899 3977 1103 3997 ......
1135 3917 1199 4004 346
