2768 5198
549 818 832 887 nrnnmru.
1144 817 1217 904 sus

158 945 306 1018 caduceo
324 948 424 1017 mittit
437 974 445 1017 :
458 951 514 1043 qui
533 949 589 1019 ubi
603 949 645 1018 ad
660 972 760 1018 naves
775 948 1038 1018 adversariorum
1052 953 1220 1043 pervenit,

159 1053 332 1149 epistolam
353 1054 546 1142 ostendeus,
560 1080 594 1124 sc
610 1079 720 1150 regern
739 1053 904 1150 professus
916 1069 966 1124 est
977 1080 1132 1149 quaerere.
1148 1059 1218 1126 Sta·

159 1163 221 1228 tim
251 1161 293 1229 ad
314 1163 496 1229 Eumenem
522 1160 683 1231 deductus
713 1175 763 1230 est
786 1215 796 1248 ,
820 1161 909 1256 quod
928 1185 1026 1230 nemo
1047 1161 1220 1232 dubitabat

160 1265 286 1360 aliquid
313 1266 355 1335 de
380 1291 462 1360 pace
489 1292 559 1336 esse
581 1268 750 1361 scriptum.
774 1266 996 1353 Tabellarius,
1022 1266 1114 1337 ducis
1136 1293 1220 1339 nave

159 1370 328 1441 declarata
337 1374 403 1443 suis
411 1373 545 1459 ,eodem
555 1427 564 1460 ,
575 1373 664 1440 unde
674 1374 774 1460 ierat,
785 1397 819 1440 se
832 1375 1023 1467 recepit1lt
1036 1376 1219 1461 Eumenes,

161 1476 271 1546 soluta
288 1477 444 1573 epistola,
467 1477 546 1547 nihil
569 1481 602 1546 in
618 1503 660 1569 eax
677 1480 815 1573 reperit,
837 1480 899 1547 nisi
916 1478 1005 1572 quod
1020 1477 1062 1546 ad
1082 1479 1219 1549 irriden-

160 1583 242 1653 dum
263 1582 357 1653 eum²
378 1587 566 1679 pertineret.
590 1584 694 1677 Cujus
713 1585 773 1653 etsi
793 1608 926 1652 causam
947 1584 1146 1674 mirabatur,
1163 1612 1220 1655 ne·

158 1714 227 1784 que
242 1677 497 1784 reperiebatur³,
508 1692 618 1759 tamen
637 1688 785 1784 praelium
801 1690 910 1759 statim
930 1691 1135 1760 committere
1153 1717 1221 1761 non

160 1795 335 1865 dubitavit.
355 1799 483 1865 Horum
509 1799 541 1864 in
569 1821 734 1866 concursu
756 1796 906 1889 Bithyni,
929 1794 1121 1864 Hannibalis
1139 1823 1222 1891 prae·

162 1917 279 1996 cepto,
301 1903 445 1970 universi
462 1927 580 1970 navem
599 1905 756 1971 Eumenis
765 1901 960 1970 adoriuntur
973 1928 980 1969 :
995 1927 1138 1996 quorum
1154 1904 1220 1972 vim

161 2032 267 2102 quum
281 2034 337 2077 rex
351 2010 511 2078 sustinere
526 2034 593 2077 non
608 2022 738 2102 posset,
752 2008 830 2102 fuga
843 2006 981 2076 salutem
993 2010 1087 2102 petiit
1097 2034 1112 2092 ;·
1122 2032 1222 2102 quum

163 2129 361 2184 consecutus
378 2139 445 2183 non
463 2128 566 2202 esset,
578 2116 640 2182 nisi
651 2115 736 2182 intra
753 2138 810 2182 sua
820 2112 970 2209 praesidia
982 2107 1016 2183 se
1030 2116 1223 2209 recepisset,

162 2245 238 2314 quae
250 2222 284 2288 in
294 2222 444 2315 proximo
453 2219 564 2290 littore
575 2234 671 2289 erant
679 2218 1004 2314 collocataReliquae
1011 2223 1223 2316 Pergamenae

162 2350 267 2395 naves
283 2352 385 2420 quum
405 2326 608 2395 adversarios
626 2340 813 2421 premerent
826 2328 953 2413 acrius,
967 2341 1102 2421 repente
1119 2329 1152 2395 in
1169 2352 1223 2397 eas

164 2455 244 2501 vasa
266 2432 393 2515 fictilia,
412 2432 453 2500 de
467 2434 586 2526 quibus
600 2455 701 2526 supra
718 2433 918 2501 mentionem
933 2432 1091 2517 fecimus,
1105 2434 1225 2526 conjici

164 2552 275 2632 coepta
297 2553 396 2607 sunt:
419 2563 491 2631 quae
506 2540 593 2632 jacta
616 2539 708 2606 initio
730 2541 830 2606 n'sum
853 2537 1079 2632 pugnantibus
1099 2541 1223 2608 excita·

163 2658 263 2731 rrrnt,
283 2670 361 2733 nec,
381 2668 482 2738 quare
506 2645 540 2712 id
565 2644 677 2727 fieret,
705 2658 835 2738 poterat
856 2642 993 2739 intelligi
1015 2670 1025 2731 ;
1047 2659 1223 2739 postquam

164 2763 277 2820 autem
303 2775 403 2819 naves
422 2749 602 2845 completas
624 2763 867 2845 conspexerunt
889 2749 1116 2844 serpentibus,
1136 2776 1224 2820 nova

164 2881 203 2925 re
223 2859 404 2950 perterriti,
421 2881 543 2950 quum,
561 2857 641 2950 quid
659 2858 864 2951 potissimum
876 2859 1033 2944 vitarent,
1050 2881 1119 2925 non
1133 2858 1222 2925 vide·
1271 2860 1278 2874 ‘

159 2976 255 3048 rent,
284 2987 411 3057 puppes
438 2977 645 3047 averterunt,
674 2987 773 3056 seque
794 2960 836 3030 ad
863 2985 922 3030 suu
943 2949 1070 3030 castra⁴
1092 2966 1224 3032 nautica

164 3067 358 3137 retulerunt.
389 3071 443 3137 Sic
469 3067 634 3137 Hannibal
661 3066 798 3138 consilio
827 3091 920 3135 arma
944 3070 1223 3161 Pergamenorum

165 3176 334 3267 superavit
353 3201 360 3242 :
380 3199 486 3267 neque
507 3188 578 3242 turn
598 3172 720 3261 solum,
740 3171 797 3242 sed
818 3198 903 3266 saepe
921 3169 1000 3241 alias
1020 3172 1225 3266 pedestribus

165 3266 292 3375 copiis⁵
313 3282 384 3374 pari
399 3281 573 3375 prudentia
595 3278 721 3374 pepulit
742 3278 955 3347 adversarios.

168 3481 277 3534 scilicet.
294 3512 335 3525 -·
349 3480 410 3533 Cum
420 3481 531 3533 caduceo.
546 3480 626 3552 Signo
637 3481 676 3533 le·
766 3481 791 3533 3.
824 3480 907 3549 Neque
930 3479 1098 3549 reperiebatur.
1123 3477 1227 3534 Scilicet

168 3560 281 3631 gationis
295 3560 323 3612 in
335 3578 415 3631 prora
425 3561 499 3613 navis
514 3559 608 3613 deliro.
626 3559 675 3612 Ca·
719 3578 804 3612 causa.
825 3559 969 3629 Regiminis
981 3558 1154 3610 mutationem
1171 3578 1228 3611 mo-

169 3637 268 3692 ducens
274 3639 398 3692 bacillum
409 3653 463 3704 est,
475 3639 548 3711 quod
562 3640 625 3692 hinc
638 3640 677 3692 iu·
719 3640 810 3691 lestum
819 3650 944 3710 pretereo
953 3638 1013 3691 lacit
1023 3639 1080 3690 soni
1089 3639 1225 3709 repetitio;

169 3717 205 3772 de
224 3719 419 3791 amplectuntur
432 3738 528 3791 angues
548 3719 616 3784 duo,
635 3720 676 3771 in·
719 3737 802 3790 quum
812 3732 953 3788 utrumque
961 3718 1038 3770 vitari
1047 3717 1122 3770 tacite
1134 3731 1160 3770 ct
1169 3726 1226 3772 re'c·

169 3799 245 3852 sertis
281 3797 490 3870 manuductisque
520 3799 677 3852 decussatim
721 3799 773 3851 tius
793 3810 887 3869 posset.
899 3797 959 3849 Tzs.
984 3796 1131 3868 Reperiebat.
1152 3796 1227 3852 dedit

170 3878 201 3931 iu
213 3896 316 3931 summa
332 3878 421 3930 bacilli
437 3890 512 3949 parte
528 3879 677 3950 capitibus,
720 3876 1225 3932 Lumbin.iuvitisMSS.—Coranrireere.

170 3955 262 4011 caudis
282 3959 310 4009 in
327 3959 396 4021 imru
415 3970 502 4010 cetero
517 3959 545 4011 in
563 3958 680 4029 hemicy·
720 3954 851 4022 Deduce,
866 3958 907 4009 vel
920 3956 966 4027 qui
978 3957 1034 4028 ejus
1044 3959 1118 4026 jussu
1132 3976 1228 4031 pugnae

171 4037 243 4092 olum
257 4039 326 4090 deca
348 4036 461 4090 mediam
472 4039 573 4110 virgum
586 4038 679 4090 utrim·
722 4037 827 4108 rignum
843 4034 918 4089 dant.
937 4035 1008 4091 Hinc
1025 4037 1148 4090 activum.
1167 4039 1228 4092 Tus.

171 4135 224 4190 que
236 4115 405 4171 circumfuso.
416 4117 524 4170 Dictum
536 4115 679 4170 recedendo
763 4123 789 4179 4.
813 4115 901 4170 cum
909 4120 1014 4168 marka.
1030 4115 1173 4170 Miliarem
1185 4136 1230 4171 ua·

171 4194 317 4251 caduceum
336 4196 446 4262 volunt,
464 4194 537 4269 quod
556 4198 613 4268 ejus
627 4214 679 4268 ope
721 4196 796 4249 vium
818 4195 966 4249 stationem.
987 4195 1086 4250 Confer
1104 4215 1183 4268 supra
1199 4197 1227 4249 in

171 4274 268 4331 eedem
278 4275 346 4329 bella
361 4288 388 4328 et
403 4274 570 4329 dirimentur.
676 4344 678 4349 y
722 4271 866 4337 Alcibiade,
873 4274 950 4328 vm.

215 4373 240 4408 a.
262 4355 310 4409 Ad
323 4355 468 4409 imitandam
485 4375 546 4410 eura.
567 4354 620 4408 Pro
639 4376 677 4418 se,
766 4358 791 4408 ⁵.
812 4353 964 4408 caecatus
975 4357 1057 4427 copiis.
1079 4354 1117 4407 Ut
1133 4353 1229 4424 passim

171 4447 202 4488 ut
214 4435 313 4507 purim
323 4446 414 4488 noster
426 4434 491 4488 solet
504 4453 639 4506 usurpere.
725 4431 796 4505 opud
813 4445 952 4498 πωπω,
974 4452 1025 4504 pro
1049 4432 1229 4491 terrestribus,

983 4526 1048 4608 ι6ἶ
