2768 5198
464 755 910 828 OBSERVATIONES.
1157 758 1228 855 337

170 884 351 940 Confirmatnr
364 881 426 936 inde
439 883 481 949 id,
497 882 569 956 quod
583 885 673 938 asserit
686 885 787 938 Plinius
798 886 815 938 l.
826 905 864 949 c.‚
878 903 986 938 summae
1000 886 1161 958 antiquitatis
1174 909 1229 943 esse

170 964 244 1038 apud
255 964 427 1017 Athenienses
442 976 524 1016 artem
537 962 677 1035 pingendi,
694 976 721 1017 et
731 977 832 1016 mature
843 983 887 1017 eos
900 964 934 1017 ad
947 968 1050 1019 culmen
1065 969 1226 1037 pervenisse,

170 1046 209 1098 its
219 1057 249 1097 ut
260 1047 315 1113 jam
330 1042 484 1109 candaulis,
502 1043 521 1095 i.
533 1061 556 1095 e.
574 1042 679 1095 Romuli
697 1055 786 1108 atate,
802 1042 910 1116 Olymp.
928 1065 978 1111 aa,
994 1047 1130 1099 manifesta
1149 1048 1229 1101 luerit

170 1125 235 1177 artis
247 1124 351 1176 claritas
364 1135 441 1193 atque
452 1122 590 1175 absolutio.
604 1122 676 1174 Dicit
690 1121 806 1187 Plinius,
820 1122 976 1190 Panaenum,
990 1125 1099 1179 fratrem
1113 1126 1227 1192 Phidia,

168 1204 291 1276 pralium
299 1202 496 1254 Marathoniam
508 1201 639 1272 pinxisse:
650 1227 661 1247 ι
670 1198 744 1254 Adeo
756 1204 810 1272 jam
824 1202 944 1255 colorum
957 1223 1018 1257 usus
1031 1206 1228 1275 percrebuerat,

173 1281 314 1353 adeoque
336 1301 378 1334 ars
403 1281 518 1353 perlecta
536 1292 607 1344 erat,
630 1292 660 1333 ut
680 1281 709 1333 in
728 1300 760 1334 eo
782 1281 874 1352 prselio
889 1282 1004 1337 iconicos
1022 1281 1101 1337 duces
1114 1286 1229 1357 pinxisse

172 1359 330 1424 «tradatur,
340 1361 546 1414 Atheniensium
561 1357 724 1424 Miltiadem,
747 1360 950 1427 Callimachum,
967 1363 1145 1433 Cynegirum,
1164 1367 1227 1418 Rar-

171 1442 317 1494 «barorum
334 1440 422 1493 Datim
446 1453 473 1492 et
491 1439 692 1509 Artaphernem.
706 1464 718 1486 »
744 1438 886 1503 Quomodo
903 1440 1011 1511 pingere
1023 1443 1151 1512 potuisset
1164 1446 1227 1497 arti-

167 1521 227 1584 l'ex,
241 1520 348 1573 Periclis
362 1531 437 1572 aetate
450 1518 565 1583 florens,
581 1535 675 1589 pugnas
687 1518 860 1571 Marathonia
872 1518 952 1572 duces
963 1521 1093 1585 iconicos,
1104 1523 1155 1575 uisi
1166 1543 1227 1576 eum

167 1601 338 1672 precessisset
359 1600 458 1670 pictor,
473 1615 567 1669 pugnat
584 1597 624 1648 illi
634 1597 754 1650 contus?
773 1597 848 1650 Hanc
860 1598 969 1668 picturas
981 1600 1162 1671 antiquitatem
1177 1622 1226 1656 uec

166 1678 247 1732 rideo
260 1680 423 1732 observatam
438 1697 454 1729 a
470 1677 720 1730 commentatoribus
737 1677 870 1741 Cornelii,
885 1697 934 1730 nec
947 1679 1008 1731 satls
1019 1678 1179 1735 vindicatam
1191 1685 1223 1735 ab

166 1759 230 1812 artis
244 1759 323 1830 hujus
338 1757 469 1810 historicis
482 1755 686 1821 recentioribus,
701 1755 748 1826 qui
762 1757 944 1828 prestantiora
955 1758 1054 1829 quavis
1067 1757 1100 1811 ad
1117 1760 1225 1815 Periclis

169 1851 272 1892 etatem
288 1839 386 1890 referre
400 1837 493 1889 solent.

208 1919 271 1971 Vll.
295 1916 393 1970 Chabr.
407 1917 436 1982 l,
453 1911 528 1977 ἱππ
552 1942 564 1962 ι
575 1914 734 1988 Obnixoqne
752 1935 821 1988 genn
842 1930 936 1983 scuto,
960 1921 1129 1991 projectaque
1152 1919 1226 1973 hasta

170 2023 182 2047 ι
193 1998 323 2069 impetum
338 1995 457 2066 excipere
474 1994 590 2048 hostium
607 1994 706 2048 docuit.
739 1990 764 2056 S.
781 1997 806 2049 3.
827 1996 885 2050 Hoc
901 2015 984 2067 usque
1002 2016 1034 2049 eo
1051 2010 1105 2052 tota
1124 1997 1226 2054 Gracia

169 2104 182 2125 ι
193 2077 263 2129 fama
275 2077 434 2129 celebratum
447 2087 500 2139 est,
517 2086 547 2126 ut
560 2074 606 2126 illo
621 2087 690 2127 statu
704 2073 822 2127 Chabrias
838 2077 889 2129 sibi
902 2089 1014 2130 statuam
1030 2077 1088 2130 lieri
1100 2079 1225 2145 voluerit,

170 2183 182 2205 ι
194 2175 254 2227 quse
264 2155 370 2227 publice
384 2154 409 2207 ei
422 2154 454 2205 ab
465 2153 669 2207 Atheniensibus
681 2154 710 2206 in
725 2156 783 2207 foro
794 2155 937 2208 constituta
952 2169 999 2208 est.
1009 2156 1049 2210 Ex
1062 2176 1115 2228 quo
1126 2158 1224 2212 factum

169 2262 181 2285 ι
190 2248 248 2300 est,
258 2248 287 2287 ut
296 2247 386 2306 postea
395 2234 507 2297 athletae,
516 2233 647 2304 ceterique
654 2233 827 2301 artifices,his
835 2236 946 2288 statibus
955 2235 983 2286 in
994 2237 1085 2289 statuis
1094 2236 1223 2308 ponendis

170 2341 182 2363 ι
191 2327 338 2380 uterentur,
349 2314 376 2365 in
390 2313 486 2384 quibus
497 2313 632 2365 victoriam
642 2326 728 2366 essent
737 2311 834 2385 adepti.
847 2341 858 2360 ·
878 2315 1010 2385 Exscripsi
1023 2316 1112 2368 locum
1122 2329 1222 2383 totum,

165 2413 221 2468 quo
234 2394 335 2447 facilius
345 2392 547 2464 dignoscantur,
564 2410 622 2463 quae
643 2390 678 2445 G.
692 2393 727 2444 E.
742 2394 844 2462 lating
858 2393 1063 2464 ingeniosissime
1088 2415 1222 2450 commen·

162 2486 233 2528 tatus
247 2486 287 2527 est
301 2475 349 2526 sub
362 2472 442 2525 finem
450 2471 512 2524 libri
525 2472 579 2535 sui,
594 2472 639 2544 qui
648 2472 758 2522 &aanor
772 2473 931 2525 inscribitur.
946 2471 1084 2544 Quidquid
1097 2472 1131 2527 de
1143 2476 1220 2529 bonis

163 2553 261 2608 litteris
277 2565 304 2605 et
324 2553 424 2605 artibus
438 2551 542 2622 scripsit
556 2550 783 2621 prestantissimae
795 2552 852 2618 vir,
870 2569 999 2623 cumque
1016 2553 1045 2605 in
1057 2553 1142 2625 prima
1157 2553 1220 2608 ado·

161 2633 287 2687 lescentia
299 2631 392 2685 intima
407 2631 581 2683 familiaritate
591 2631 746 2701 conjunctus
761 2630 831 2697 rixi,
852 2630 911 2700 lego
927 2648 988 2683 cum
1000 2632 1112 2686 maxima
1126 2635 1220 2706 volup·

164 2726 226 2767 tate.
246 2711 371 2764 Eminent
386 2711 457 2763 enim
473 2711 500 2762 in
516 2729 564 2775 eo,
583 2728 642 2780 quta
659 2728 719 2761 raro
736 2710 763 2761 in
778 2727 833 2761 nno
843 2710 972 2780 scriptore
986 2713 1126 2780 conjuncta
1145 2715 1219 2767 inre·

163 2792 237 2857 nias,
257 2790 373 2844 eruditio
387 2790 439 2842 late
455 2802 563 2860 patens,
579 2807 712 2841 summum
730 2789 830 2859 ingenii
844 2808 970 2855 acumen,
992 2809 1085 2861 magna
1098 2792 1126 2844 iu
1141 2812 1220 2865 argue

164 2869 307 2925 mentando
325 2870 380 2934 ris,
403 2870 537 2940 mirusque
558 2858 682 2921 dictionis
701 2869 782 2921 nitor.
808 2869 999 2922 celeberrimus
1019 2870 1063 2920 W
1060 2870 1219 2927 mkelmannas

163 2951 193 3005 in
207 2969 289 3022 opere
298 2968 346 3003 suo
363 2948 396 3001 de
410 2961 464 3001 arte
479 2947 630 3019 pulchriore
647 2958 836 3000 commentatus
855 2960 911 3001 erat
925 2947 958 2999 de
972 2949 1118 3016 Borghesio,
1139 2970 1218 3023 quem

163 3031 245 3103 vulgo
262 3029 420 3102 perhibent,
437 3027 580 3097 gladiatore.
601 3026 690 3079 Statua
713 3026 758 3077 illa
776 3027 900 3097 preclara
919 3026 1008 3078 multis
1027 3027 1055 3077 in
1075 3027 1150 3081 libris
1171 3031 1216 3083 teri

160 3110 291 3181 insculpta
305 3108 424 3162 habetur.
442 3106 611 3177 Conspicitur
626 3104 706 3156 etiam
722 3105 824 3174 egregia
836 3109 891 3173 ejus
906 3104 1005 3174 effigies
1017 3123 1113 3177 gypsea
1127 3122 1216 3162 nostra

159 3189 191 3243 'm
205 3189 286 3256 urbe,
301 3189 330 3241 in
345 3205 403 3240 arce
419 3183 690 3253 Charlottoburgensi.
710 3183 822 3253 Negavit
838 3183 1079 3249 Winlrelmannus,
1092 3205 1146 3240 esse
1160 3188 1214 3259 gla-

161 3267 310 3331 diatorem,
331 3279 390 3332 aut,
402 3278 431 3319 ut
452 3265 497 3317 alii
516 3263 620 3327 volunt,
638 3261 799 3325 discobalam
818 3259 931 3316 credidit
949 3280 1003 3316 esse
1025 3264 1151 3332 militem,
1166 3272 1213 3338 qui

160 3350 261 3402 virtute
275 3367 334 3411 sua,
350 3359 487 3417 statuque,
505 3363 559 3414 quo
578 3343 661 3394 hostis
677 3342 805 3413 impetum
819 3343 938 3412 excepit,
951 3355 1061 3396 statuam
1077 3347 1210 3401 meruerit.

160 3429 298 3497 heringius
311 3437 423 3480 statuam
443 3425 528 3492 illam,
547 3439 700 3492 comparans
719 3439 780 3473 cum
797 3420 907 3491 Nepotis
922 3419 1111 3493 descriptione,
1132 3443 1211 3496 quam

159 3526 240 3580 supra
255 3507 345 3563 attuli,
373 3504 473 3577 judicat
492 3513 678 3575 representare
701 3499 840 3554 Chabriam.
863 3501 954 3552 Unum
978 3501 1081 3554 obstare
1096 3502 1210 3565 ridetur.

159 3587 271 3640 Qum
283 3598 355 3640 tenet
364 3584 438 3636 miles
449 3584 492 3635 ille
505 3595 607 3635 scutum
615 3599 622 3644 ;
631 3598 713 3650 quum
721 3580 831 3650 Nepotis
840 3575 981 3651 descriptio
989 3579 1095 3633 habeat:
1104 3583 1210 3642 Obnixo

159 3684 230 3737 genu
246 3677 332 3730 scuto,
353 3666 521 3735 projectaque
532 3662 613 3714 hasta.
633 3658 686 3712 Sed
694 3660 736 3711 vir
748 3655 912 3711 doctissimus
920 3659 958 3712 ita
971 3659 1211 3733 interpungendum

160 3743 246 3798 credit
260 3763 266 3797 :
282 3744 388 3797 Obnixo
403 3762 485 3813 genu,
497 3754 587 3805 scuto,
600 3740 766 3810 projectaque
778 3738 860 3790 hasta.
875 3738 968 3808 Attigit
980 3737 1099 3792 eamdem
1110 3761 1166 3797 rem
1181 3748 1210 3800 in

160 3825 213 3879 alio
225 3823 295 3877 libro
309 3861 317 3887 ‚
333 3823 377 3894 qui
392 3822 544 3874 inscribitur
560 3838 566 3871 :
588 3818 771 3891 Antiquarr'sche
784 3818 873 3884 Briese.
895 3817 983 3870 Potest
998 3818 1101 3888 utique,
1119 3822 1141 3875 si
1154 3826 1209 3892 vis,

161 3904 340 3974 interpunctio
360 3901 526 3972 Lessingiana
546 3898 644 3951 habere
666 3898 762 3950 locum.
787 3895 837 3949 Sed
859 3897 880 3948 si
901 3895 930 3948 id
952 3915 1006 3948 non
1026 3896 1118 3965 detur,
1139 3904 1210 3958 haud

160 3983 249 4035 minus
267 3995 401 4052 acccptum
417 3992 443 4032 et
456 3977 622 4050 probandum
634 3978 685 4028 erit
695 3976 822 4047 Lessiugii
834 3974 867 4027 de
877 3976 973 4028 celebri
985 3976 1033 4028 hac
1044 3991 1128 4033 statua
1138 3984 1210 4054 judi.

158 4062 241 4115 cium.
258 4062 350 4114 Sinon
359 4060 470 4113 omnino
481 4052 623 4128 respondet
635 4056 728 4120 statui,
749 4074 803 4126 quo
819 4054 945 4108 Chabrias
954 4055 1083 4127 impetum
1095 4060 1211 4117 hostium

159 4141 280 4213 excipere
290 4138 398 4203 docuit,
407 4139 488 4191 aliurn
498 4145 684 4207 representare
696 4130 802 4186 ridetur
818 4134 946 4187 illustrem
952 4133 1075 4190 Graecum
1087 4141 1210 4208 militem,

159 4220 201 4273 vel
214 4221 295 4273 etiam
302 4220 429 4272 rictorem
440 4215 587 4288 Olympiae,
601 4213 645 4266 cui
658 4210 691 4265 ad
704 4212 852 4283 exemplum
858 4212 1048 4268 Chabriaer'nee
1058 4229 1123 4272 stata
1131 4228 1211 4291 posita

157 4311 198 4351 ast
206 4311 298 4360 statua,
310 4303 335 4350 in
350 4318 396 4369 qao
409 4301 534 4348 victoriam
547 4306 581 4346 ast
596 4292 703 4362 adeptus.

201 4379 278 4431 Vlll.
310 4375 437 4449 Lysandr.
454 4377 515 4440 lll,
530 4393 554 4427 ι.
575 4371 749 4433 Lacedoemom'a'
762 4375 841 4423 amnia
855 4372 890 4423 ed
905 4373 1003 4426 amala
1018 4376 1105 4442 referre
1119 4398 1215 4433 connis.

986 4513 1031 4555 Ἠ
