2768 5198
162 754 235 882 ara
423 795 695 864 conuenit
721 795 952 864 rororis

149 938 282 1007 minem
306 934 498 1004 bellicosum
516 951 549 1005 et
568 949 754 1030 potentem,
772 936 829 1029 qui
848 950 1006 1029 tyrannos
1024 933 1175 1027 adjutum
1190 935 1224 1004 in

161 1042 303 1113 Siciliam
323 1056 467 1110 venerat

214 1152 276 1217 ΙΙΙ.
298 1148 429 1236 Quibus
448 1148 546 1218 rebus
564 1146 743 1234 confectis,
757 1173 860 1242 quum
879 1162 1017 1242 propter
1034 1147 1228 1216 diuturnita-

162 1269 228 1324 tem
256 1252 333 1323 belli
362 1278 429 1322 non
452 1253 558 1323 solum
578 1256 744 1348 regiones,
764 1253 938 1323 sedetiam
960 1254 1059 1323 urbes
1081 1253 1227 1323 desertas

162 1358 318 1443 videret¹,
331 1361 544 1454 conquisivit,
556 1385 639 1454 quos
654 1362 780 1455 potuit,
794 1362 938 1454 primum
953 1358 1226 1447 Siculos3deinde

164 1466 328 1536 Corindro
350 1467 519 1536 arcessivit
533 1464 687 1554 colonos,
707 1466 797 1561 quod
817 1467 860 1535 ab
878 1467 929 1535 his
946 1467 1038 1535 initio
1057 1468 1227 1559 Syracusae

164 1586 259 1642 erant
274 1572 424 1642 conditae.
448 1573 585 1643 Civibus
603 1573 769 1642 veteribus
783 1597 840 1643 sua
854 1572 1012 1659 restituit,
1029 1573 1125 1641 novis
1141 1571 1228 1641 bello

164 1678 373 1748 vacuefactas
395 1681 616 1772 possessiones
637 1679 764 1761 divisit,
781 1680 1053 1755 urbiummoenia
1072 1678 1229 1770 disjecta,

164 1783 306 1879 fanaque
329 1785 458 1855 deserta
483 1785 616 1870 refecit,
644 1785 830 1854 civitatibus
850 1783 959 1878 leges²
979 1783 1229 1878 libertatemque

165 1890 308 1960 reddidit
334 1918 341 1960 :
370 1916 411 1960 ex
437 1893 583 1963 maximo
608 1891 694 1960 bello
723 1905 851 1962 tanturn
874 1893 979 1959 otium
1009 1904 1087 1960 totae
1115 1889 1230 1960 insulae

166 1995 370 2079 conciliavit,
393 2012 432 2065 ut
450 1998 506 2067 hic
524 1996 677 2067 conditor
693 1997 827 2066 urbium
847 2020 977 2082 earum,
995 2022 1063 2065 non
1080 1995 1151 2084 illi,
1172 1997 1229 2090 qui

167 2103 261 2171 initio
290 2102 512 2190 deduxerant,
547 2103 723 2173 videretur.
759 2104 880 2173 Arcem
908 2105 1096 2196 Syracusis,
1130 2126 1231 2197 quarn

168 2210 333 2277 munierat
354 2210 531 2303 Dionysius
547 2210 590 2279 ad
610 2211 727 2279 urbem
744 2209 978 2292 obsidendam,
996 2233 1017 2277 a
1035 2208 1231 2277 fundamen·

168 2316 210 2383 tis
228 2314 355 2408 disjecit
368 2340 378 2404 3
392 2331 501 2386 cetera
512 2317 694 2410 tyrannidis
705 2315 955 2411 propugnacula
969 2313 1144 2384 demolitus
1164 2327 1232 2402 est;

167 2419 324 2514 deditque
346 2447 497 2516 operam,
515 2436 670 2518 utquam
692 2424 825 2491 minime
847 2420 952 2491 multa
970 2422 1108 2514 vestigia
1126 2421 1231 2489 servi·

168 2527 248 2595 tutis
264 2543 444 2597 manerent.
457 2529 570 2618 Quum
582 2531 682 2598 tantis
694 2543 779 2598 esset
796 2529 935 2623 opibus,
955 2541 994 2596 ut
1007 2529 1105 2594 etiam
1122 2527 1232 2596 invitis

169 2633 336 2726 imperare
349 2649 478 2729 posset;
499 2650 628 2703 tantum
641 2650 752 2703 autem
763 2634 901 2704 liaberet
916 2658 1063 2702 amorem
1083 2633 1233 2701 omnium

171 2736 374 2826 Siculorum,
390 2755 429 2808 ut
445 2740 536 2809 nullo
552 2755 725 2809 recusante
742 2766 881 2835 regnum
904 2724 1103 2826 obtineret³;
1094 2736 1236 2806 maluit

172 2866 208 2913 se
230 2842 337 2980 diligi,
345 2870 455 2943 quam
470 2848 583 2915 metui
603 2851 738 2966 Itaque,
756 2872 858 2941 quum
877 2849 1021 2942 primum
1036 2847 1158 2939 potuit,
1172 2846 1233 2912 im·

170 2951 299 3044 perium
306 2937 504 3045 ⁴deposuit,
526 2967 560 3021 et
579 2954 728 3047 privatus
748 2955 936 3046 Syracusis,
958 2952 1048 3081 quod
1070 2949 1234 3045 reliquum

171 3056 247 3123 vitae
266 3055 344 3143 fuit,
360 3059 449 3127 vixit.
464 3061 592 3154 Neque
594 3084 674 3128 vero
693 3059 757 3127 id
748 3061 898 3154 imperite
916 3044 1020 3127 fecit⁵2
1034 3081 1130 3143 nam,
1144 3055 1235 3150 quod

173 3164 274 3230 ceteri
297 3188 390 3258 reges
411 3166 552 3259 imperio
574 3178 769 3260 potuerunt,
788 3165 843 3236 hic
863 3163 1092 3270 benevolentia
1117 3164 1234 3231 tenuit

173 3267 293 3338 Nullus
310 3269 417 3338 honos
430 3270 508 3339 huic
529 3271 655 3340 defuit:
670 3296 777 3366 neque
792 3286 907 3365 postea
925 3295 977 3340 res
989 3269 1055 3339 ulla
1067 3269 1236 3363 Syracusis

174 3389 266 3468 gesta
286 3389 336 3445 est
356 3376 507 3472 publice,
529 3376 570 3446 de
591 3403 657 3474 qua
676 3379 767 3472 prius
789 3379 831 3447 sit
852 3378 1041 3464 decretum,
1063 3399 1163 3470 quam
1182 3375 1237 3442 Ti·

215 3577 281 3630 Ctr.
295 3577 345 3630 lIl.
366 3596 390 3631 1.
404 3577 479 3631 Urbes
492 3579 597 3631 desertas
614 3580 683 3631 eide·
727 3579 802 3632 aium
824 3577 858 3631 ad
872 3579 968 3650 virgil.
988 3577 1093 3631 AEneid.
1110 3578 1156 3644 11,
1172 3578 1236 3631 800.

177 3668 220 3709 ret.
231 3658 335 3722 Quum,
347 3669 412 3709 teste
422 3659 579 3724 Plutarcho
590 3659 685 3722 XXII,
771 3659 840 3712 &Re
838 3659 1044 3729 gnumobtineret.
1055 3658 1107 3716 Pro
1116 3656 1238 3710 obtinere

176 3736 238 3807 equi
251 3737 279 3787 in
297 3736 355 3788 loro
371 3736 535 3808 Syracusano
550 3757 685 3810 parceren-
728 3751 824 3810 posset¹
833 3738 890 3791 Sic
883 3759 910 3790 m
917 3739 996 3791 Eum
1006 3738 1086 3800 cvl,
1094 3741 1238 3789 veniret.-

177 3826 230 3867 tur.
235 3814 406 3888 —Syrucusoe
425 3829 494 3869 erant
510 3818 622 3870 condite,
643 3819 685 3869 Ab
729 3817 856 3870 Malraiets
867 3819 950 3887 diligi,
965 3820 1130 3888 quamnetaa'.
1140 3814 1238 3868 Melina

175 3893 273 3946 Archia
304 3896 460 3963 Corinthio,
484 3879 686 3950 Ileraclidarum
729 3898 879 3969 tutiusque,
894 3917 973 3969 quam
986 3898 1032 3968 qui
1046 3915 1137 3949 vocem
1152 3892 1238 3948 diram

176 3991 240 4025 uno.
258 3973 318 4026 Tzs.
729 3989 756 4030 et
777 3976 981 4030 abominandam
1000 3978 1153 4048 jactavere:
1174 3974 1240 4028 Ode·

219 4072 244 4106 a.
259 4053 342 4123 Leges.
355 4044 482 4125 Ῐσονιμὶαν
493 4056 579 4110 Greci
591 4069 687 4110 vocant
730 4059 791 4119 rint,
801 4057 977 4110 dammetaant.
985 4055 1046 4108 Seu.
1058 4053 1181 4121 deIra,I,
1193 4058 1237 4108 16.

177 4144 205 4186 et
220 4133 357 4204 tyrannidi
373 4149 521 4206 opponunt.
541 4135 636 4189 Tuaen.
646 4169 686 4178 —
770 4144 796 4201 4.
809 4139 943 4207 Imperium.
957 4135 1105 4189 Potentiam
1114 4153 1190 4206 ,qna
1205 4132 1239 4186 ad

181 4213 275 4267 Otium.
304 4213 397 4267 Pacem
420 4215 531 4283 scilicet,
550 4216 685 4287 quietem,
729 4214 904 4271 ordinandam
921 4215 1111 4288 rempublicam
1132 4214 1239 4267 frueba-

180 4292 303 4366 opposito
313 4294 502 4364 bello-,Qui
509 4299 577 4348 initio
585 4296 688 4348 dedan·
729 4309 781 4350 tur.

179 4385 243 4428 teat.
262 4371 412 4439 Deduoere,
430 4375 542 4429 verbum
561 4374 595 4429 de
612 4377 685 4430 colo·
772 4375 799 4429 5.
820 4376 904 4449 Neque
919 4396 977 4428 vero
998 4374 1027 4426 id
1044 4375 1152 4446 inperite
1167 4375 1240 4442 secie.

178 4453 231 4512 niis
242 4450 388 4518 condendis
396 4454 524 4520 solemn,
538 4454 610 4519 Vide
626 4455 686 4511 Ser·
730 4453 763 4510 ld
778 4467 830 4523 est,
842 4456 974 4529 sapienter
986 4467 1013 4509 et
1025 4454 1152 4528 preclare
1167 4452 1240 4507 fecit.
