2706 4770
164 338 240 427 324
333 338 1059 419 JOANNISHENRSCHLEGEL

161 472 189 524 in
201 489 307 544 genere,
320 471 416 541 absque
427 470 480 522 ulla
491 468 706 523 denominatione
712 469 805 540 populi
813 468 869 534 ,cui
881 466 1081 539 imperaverint.
1091 461 1207 539 Talequisl

162 551 287 605 Cornelio
298 550 325 601 in
332 562 446 601 mentem
453 549 554 601 venisse
565 568 619 600 non
630 547 719 602 eredo,
733 549 845 601 Excusat
857 566 885 601 se
897 547 989 618 potius
1002 546 1055 600 hoc
1065 546 1140 612 locu,
1149 543 1205 618 quud

161 630 189 683 in
203 627 365 700 exponendis
383 629 536 681 Graecorum
557 628 759 699 imperatoribus
771 645 844 697 reges
859 625 948 679 studio
960 626 1168 696 praerniserit,
1185 638 1205 678 et

160 708 224 761 tales
236 705 344 779 quidem
358 725 443 777 reges,
459 708 506 778 qui
516 726 570 760 non
581 708 699 765 nomine,
720 719 749 759 ut
763 704 971 771 Lacedaemonii,
982 703 1031 757 sed
1040 723 1131 758 revm
1148 704 1203 776 regis

159 786 286 858 dignitate
307 787 466 849 utebantur,
492 799 518 839 et
540 787 636 856 quibus
661 787 735 838 locus
758 787 827 838 inter
848 785 1023 855 imperatores
1037 785 1202 837 celeberriu

158 866 284 936 assignari
299 862 440 918 debuisset.
467 866 621 937 Philippum
643 865 765 936 iutelligit
777 877 803 917 et
816 861 1011 928 Alexandrum,
1031 877 1060 916 et
1075 863 1201 935 complue

158 945 227 998 inter
240 942 382 996 Alexandri
396 963 571 1011 successores,
592 943 768 997 Cassandrum
782 962 894 1014 nempe,
908 943 1077 1014 Antigonum
1090 955 1117 997 et
1127 943 1199 995 liene·

157 1024 238 1076 trium
256 1023 435 1087 Poliorcetes,
449 1024 650 1093 Lysimachum,
664 1023 817 1087 Seleucum,
828 1022 1016 1087 Ptolemaum,
1030 1020 1197 1094 Pyrrhum

157 1104 242 1168 enim,
251 1102 358 1154 militari
368 1103 463 1173 gloria,
472 1115 497 1155 et
508 1115 735 1173 rerumgestarum
744 1100 939 1174 magnitudine,
946 1102 1032 1154 cuivis
1040 1102 1196 1174 antiquiorum

157 1183 346 1253 imperatorum
357 1182 452 1234 merito
460 1183 662 1253 aequiparantur.
677 1182 836 1253 Dicitporro
845 1180 1004 1234 Cornelius:
1017 1179 1195 1253 Neqaetamli

156 1261 282 1313 admodum
293 1273 350 1312 sunt
355 1262 431 1314 multi.
439 1261 559 1333 Namque
566 1261 637 1313 inter
647 1272 784 1331 sequentes
790 1258 967 1316 Macedonia.
983 1260 1068 1330 Syriae
1079 1257 1192 1331 etAEflpn'

156 1360 228 1411 reges
233 1341 357 1392 admodum
365 1341 441 1411 pauci
448 1341 527 1393 rebus
538 1360 553 1392 a
564 1359 592 1392 se
603 1339 701 1410 ipsisin
709 1339 780 1393 bello
790 1339 868 1410 gestis
880 1339 1193 1392 inclarueruntTaleml

155 1420 293 1491 Philippus
304 1433 330 1472 et
344 1420 505 1484 Antiochus,
522 1421 569 1490 qui
580 1421 658 1471 ambo
671 1418 747 1472 bellis
759 1431 850 1472 contra
861 1417 963 1472 ricinos
974 1419 1192 1490 populosmaqtt!

155 1500 205 1551 sihi
216 1500 311 1552 samam
318 1511 474 1569 paraverant
482 1537 489 1565 ,
497 1497 544 1551 sed
550 1511 642 1551 contra
651 1500 799 1562 Romanos,
808 1498 910 1568 ingenti
916 1498 981 1551 licet
994 1511 1132 1569 apparatu,
1143 1495 1189 1549 nale
1226 1554 1235 1569 ,Ι

154 1597 196 1630 res
209 1589 357 1648 gesserunt,
374 1590 400 1631 ct
417 1577 573 1631 Ptolemeus
595 1579 749 1649 Euergetes,
768 1577 815 1648 qni
830 1577 1004 1648 Cyrenaicam
1022 1575 1132 1641 devicit,
1150 1576 1188 1647 ipe

152 1654 207 1709 dua
227 1657 372 1727 copiarum.
393 1657 454 1708 Non
475 1657 511 1708 ait
524 1657 680 1721 Cornelius,
700 1675 727 1709 se
750 1657 838 1728 ipsum
855 1656 953 1708 horum
969 1674 1066 1726 regum
1079 1655 1189 1710 omma,

153 1737 199 1806 qui
213 1736 414 1806 imperatoribus
430 1738 599 1788 annumerari
618 1748 743 1807 possunt,
763 1754 804 1788 res
825 1747 909 1806 gestas
924 1754 979 1787 nno
993 1736 1127 1788 volumine
1137 1751 1189 1787 oon·

151 1814 336 1885 prehendisse,
356 1813 402 1866 sed
419 1813 626 1885 quodomnium
645 1833 687 1868 res
701 1826 779 1886 gestae
793 1819 920 1885 separatim
936 1827 1002 1868 sunt
1019 1816 1119 1880 relata,
1131 1811 1189 1867 idest

153 1912 166 1945 a
179 1891 289 1945 diversis
302 1893 468 1957 auctoribus,
494 1905 558 1946 tunc
578 1888 704 1965 temporis
725 1894 804 1965 vulgo
825 1894 939 1965 cognitis
955 1905 984 1947 et
1002 1894 1126 1964 probatis
1145 1891 1189 1945 lisa

151 1973 221 2024 enim
231 1984 270 2024 est
280 1970 470 2036 dubitandum,
480 1973 596 2025 extitisse
604 1986 663 2026 ante
674 1973 828 2026 Cornelium
839 1973 991 2044 complures
1004 1973 1087 2026 libros
1094 1973 1189 2029 hum.

151 2052 197 2121 qui
207 2071 291 2123 quum
300 2052 417 2123 Philippi
430 2064 456 2103 et
466 2051 621 2117 Alexandri,
636 2065 693 2105 tum
706 2054 784 2105 etiam
798 2053 976 2124 posteriorum
991 2051 1189 2123 regnmb‘ntari!

150 2132 334 2194 continebant,
354 2150 415 2183 cum
435 2131 532 2203 quibm
550 2132 664 2185 Romani
683 2133 725 2185 vel
752 2131 892 2184 amicitiam
907 2133 1064 2197 coluerunt,
1085 2132 1123 2185 rel
1140 2128 1190 2183 bella

149 2221 291 2277 gesserunt.
316 2210 354 2262 Es
367 2210 438 2262 enim
452 2211 518 2262 scire
536 2208 716 2271 llmanorum
725 2211 810 2264 multo
823 2211 904 2284 magis
912 2212 1054 2276 intererat,
1065 2229 1138 2284 mam
1147 2224 1190 2281 qu

150 2285 183 2338 ad
197 2287 265 2339 bella
280 2287 384 2340 Persica
397 2301 423 2340 et
435 2288 687 2359 Peloponnesiacum
700 2289 877 2362 pertinebant.

188 2365 282 2417 Libros
298 2366 377 2428 alios,
402 2367 449 2437 qni
470 2366 595 2420 Cornelio
612 2381 710 2423 temere
732 2368 920 2440 aquibusdatn
936 2367 1066 2441 adscripti
1084 2379 1154 2429 sunt,
1168 2377 1189 2416 tt

149 2444 251 2495 Daretis
267 2443 376 2516 Phrygii
391 2445 537 2498 versionem
551 2448 689 2513 Latinam,
709 2449 803 2502 lubens
818 2461 955 2520 pretereo.
969 2449 1033 2501 Non
1053 2449 1121 2501 enim
1131 2448 1190 2499 inter

148 2535 186 2577 est
199 2523 350 2593 reipublice
367 2524 517 2588 litterariae,
533 2544 656 2579 revocare
667 2529 821 2580 memoriam
834 2546 970 2593 errorum,
985 2546 1055 2600 quos
1073 2526 1147 2580 semel
1156 2526 1189 2578 itt·

147 2619 261 2672 rumque
273 2601 365 2655 solidis
379 2605 538 2674 argumentis
547 2607 689 2676 propulere
708 2607 760 2659 viri
773 2605 855 2660 docti.

149 2746 192 2811 Il.
207 2747 263 2813 De
281 2748 428 2816 Cornelii
442 2747 612 2818 scribendi
624 2755 777 2820 restituto
794 2756 829 2820 t'n
845 2750 941 2820 libris
953 2757 1018 2846 qui
1027 2762 1191 2848 supersunt·

189 2919 223 2972 Et
238 2919 390 2973 Graecarum
406 2922 553 2976 litterarum
568 2937 594 2976 et
607 2925 699 2995 patriar
717 2944 806 2978 amore
822 2924 917 2979 ductus
930 2926 1040 2997 scripsit
1054 2925 1139 2997 Nepos
1145 2922 1194 2975 titt

150 2998 333 3050 excellentium
342 3000 540 3071 imperatorum.
555 3004 668 3056 Rotnani
682 3002 761 3057 rudes
772 3006 882 3058 omnino
893 3019 971 3057 erant
981 3007 1129 3058 litterarum
1136 3002 1193 3057 Gn·

147 3093 238 3128 carum
260 3091 322 3130 ante
341 3079 409 3130 bella
428 3081 543 3145 Punica,
560 3083 659 3154 quippe
679 3085 726 3155 qni
742 3085 812 3136 inter
834 3103 972 3137 umorum
994 3085 1120 3157 strepitus
1136 3096 1193 3135 sus!

148 3153 266 3223 ipsorum
287 3156 404 3226 linguam
425 3178 479 3212 non
501 3161 635 3225 colebant,
658 3163 704 3232 qui
717 3176 785 3216 artes
798 3182 903 3227 omnes,
918 3176 1019 3234 preter
1033 3183 1092 3227 eas,
1105 3154 1194 3236 quoti

147 3232 227 3284 vitam
239 3234 363 3286 tuendam
376 3238 488 3290 maxime
501 3241 649 3292 necessarie
657 3243 969 3308 sunt,contemnebant,
981 3262 1090 3298 omnem
1104 3241 1195 3315 glutit!

148 3310 176 3361 in
189 3328 217 3362 re
230 3313 335 3381 publiea
348 3313 553 3370 administranda
563 3331 604 3384 ,et
620 3321 648 3372 in
665 3337 695 3372 re
708 3321 805 3374 rustica
818 3334 845 3374 et
860 3320 985 3384 militari,
1002 3320 1146 3377 exeremdt
1156 3336 1195 3391 μ’

148 3400 248 3440 nentes.
265 3390 382 3445 Stuliciat
395 3392 450 3446 ‹lno
463 3397 581 3467 exempla
593 3398 667 3452 istius
678 3398 800 3453 ruditatis
814 3401 842 3452 in
849 3398 969 3453 medium
976 3404 1107 3472 prolerre
1121 3401 1194 3466 Qu!

147 3466 276 3527 Romani,
290 3468 459 3527 decemvirali
470 3488 598 3544 potestate
606 3478 738 3543 instituta,
753 3478 925 3543 Graecorum,
941 3482 1059 3535 maxime
1068 3478 1193 3535 sebaim

146 3544 229 3607 sium,
245 3546 314 3615 leges
329 3567 406 3602 suum
422 3552 449 3603 in
471 3572 548 3606 usum
569 3571 723 3610 convertere
743 3558 857 3623 vellent,
880 3577 949 3631 opus
972 3561 1105 3614 habebant
1127 3560 1193 3611 iate·

145 3635 220 3693 prete
232 3623 414 3693 Hermodoro,
426 3629 520 3683 Graeco
528 3636 613 3688 exule.
630 3637 810 3689 Romanorum
821 3637 921 3708 legatus
928 3637 1116 3703 Postbumius,
1126 3651 1191 3709 quw

145 3702 224 3753 rerba
243 3703 338 3756 laceret
358 3705 391 3758 ad
407 3709 566 3764 Tarentinos
580 3714 670 3784 lingua
687 3715 795 3780 Graeca,
824 3718 856 3770 iis
873 3731 931 3773 erat
948 3715 1060 3772 derisui.
1087 3715 1134 3771 Sed
1149 3719 1188 3784 ju

147 3793 279 3851 eoeperant
292 3800 347 3835 esse
357 3784 535 3856 frequentiora
548 3794 739 3849 commerciaet
749 3793 847 3849 loedera
860 3797 930 3850 inter
941 3810 1083 3870 utramque
1092 3808 1189 3869 μίαν

145 3861 224 3948 paulo
237 3873 297 3912 aute
317 3861 416 3915 bellum
435 3866 566 3922 Punicum
578 3873 703 3941 primum.
726 3873 848 3928 Secundo
859 3895 989 3948 prospere
1002 3877 1092 3939 linito,
1104 3885 1188 3946 sp‘ffl'

145 3951 299 4012 inceperunt
313 3940 445 4008 Romani,
464 3963 491 3998 se
506 3948 649 4020 aliquando
665 3952 787 4015 Grecos,
809 3967 938 4026 pretenta
958 3957 1047 4030 speeie
1067 3950 1185 4008 libertati&
