2706 4770
422 330 891 402 OBSERVATIONES.
925 378 929 383 -
1112 334 1188 409 335

128 463 189 534 egis
200 463 271 516 cives
281 478 474 534 nonnunquam
484 461 620 515 admisisse
632 460 816 533 suspicamur?
829 459 953 517 Mercede
965 461 1080 518 conduci
1091 467 1190 534 solent,

127 542 170 616 psi
186 545 213 595 iss
233 559 340 595 scenam
357 554 440 610 eunt,
457 553 488 595 nt
499 552 587 614 partes
603 558 698 612 nempe
717 554 794 612 agam
813 542 842 594 in
863 541 1008 610 comoedia,
1026 564 1081 598 uon
1096 548 1141 617 qui
1156 550 1191 600 ad

127 632 286 688 cenamus
300 632 428 694 spectent.
442 621 564 674 Muneris
580 637 657 673 cansa
674 621 822 692 sumptibus
840 623 953 694 publicis
968 624 997 676 in
1011 625 1068 677 aliis
1080 624 1189 681 Grncise

127 702 235 757 srbibus
254 701 447 755 exhibebantur
469 699 544 766 ludi3
570 697 617 752 sed
635 700 694 771 quis
714 699 836 753 mercede
858 701 988 755 conducet
1012 722 1070 770 eos,
1094 706 1192 777 quibus

127 794 245 855 spectare
263 781 362 851 volupe
378 776 435 833 est?
452 779 578 851 Effugere
597 779 755 850 interpretes
771 781 859 833 consti
876 794 939 835 sunt
957 782 1005 834 has
1020 785 1191 854 φιιιιιίοιιιι,

127 858 158 915 sd
173 880 241 933 quas
262 861 307 913 vix
329 871 391 931 spts
408 859 550 930 excogitari
568 870 655 931 potest
674 859 826 931 responsio,
847 861 932 914 tribus
956 861 1052 915 modis.
1064 863 1136 930 alii,
1157 867 1191 918 ab

127 940 234 995 finitio
254 939 344 992 Probo
365 936 483 1011 proiecta
502 938 560 992 hnc
577 938 658 990 verba
673 951 809 1010 putantes,
831 953 965 1007 mserum,
988 953 1121 995 auctorem
1135 963 1190 997 non

127 1018 160 1075 de
176 1019 227 1073 illo
253 1036 310 1072 nro
323 1017 414 1089 loqui,
440 1036 495 1090 quo
510 1018 682 1090 imperatores
700 1017 858 1084 Pausanias,
882 1018 1033 1090 Lysander,
1058 1023 1192 1094 Agesilaus

127 1100 272 1163 riserunt,
295 1095 343 1150 sed
369 1096 403 1151 de
426 1116 474 1162 eo,
500 1115 556 1169 quo
579 1097 647 1149 liber
669 1098 833 1169 conscriptus
854 1100 1016 1169 putabatur,
1045 1101 1192 1157 Theodosii

127 1196 223 1251 nempe
232 1189 324 1242 ιιιιιι
338 1190 403 1231 tnnc
417 1176 487 1229 t'orte
502 1175 606 1228 habitos
612 1173 801 1229 Lacedumone
815 1177 893 1231 ludos
904 1179 1034 1244 scenicos,
1050 1193 1113 1234 usuc
1124 1184 1192 1236 forte

127 1256 221 1313 sidus
237 1257 340 1311 nobiles
353 1256 391 1309 eis
404 1253 525 1309 adfuisse.
546 1254 613 1307 Tam
627 1257 725 1309 absona
739 1267 779 1308 est
789 1255 846 1309 hnc
858 1260 1023 1329 conjectura,
1044 1272 1083 1312 tot
1099 1275 1192 1315 contra

127 1354 183 1393 sn
196 1337 288 1391 valent
297 1336 429 1400 rationes,
446 1347 477 1388 nt
489 1352 576 1406 opera
588 1334 705 1404 pretium
719 1354 775 1387 non
797 1336 830 1387 sit
843 1337 867 1388 ei
881 1337 1031 1390 refellendsr
1046 1339 1191 1394 immorari.

127 1418 181 1473 Nec
191 1419 356 1471 mentionem
371 1417 428 1485 ejus
447 1415 580 1477 fecissem,
595 1414 647 1466 nisi
660 1433 707 1480 es,
725 1412 798 1485 qnod
816 1416 928 1481 mirum,
954 1417 1077 1470 Lambini
1094 1437 1192 1473 nomen

127 1514 181 1571 pr·
193 1515 224 1551 sc
236 1497 325 1549 ferret.
346 1497 378 1547 Iu
391 1494 510 1548 chartam
520 1492 661 1564 conjecisse
672 1491 779 1546 videtur
791 1495 935 1548 Lambinus
949 1496 1017 1550 hanc
1031 1498 1192 1552 observatio·

127 1595 204 1645 nem,
219 1588 359 1647 autequam
374 1575 457 1628 factus
467 1585 507 1627 est
516 1572 630 1638 certior,
646 1573 777 1644 Nepotem
791 1592 847 1627 esse
860 1593 954 1628 rernm
969 1576 1030 1628 libri
1041 1590 1193 1644 auctorem

127 1668 218 1729 postes
234 1655 308 1709 illam
323 1652 411 1707 delere
425 1654 531 1706 oblitus.
552 1653 683 1705 Monstrat
698 1653 749 1705 hoc
760 1654 927 1725 exemplum,
945 1654 1098 1727 purgandos
1113 1675 1193 1710 essea

127 1736 261 1809 lapsibus,
284 1735 338 1788 sive
353 1733 447 1786 calami
460 1733 514 1785 sive
531 1729 644 1802 judicii,
661 1729 812 1786 doctiorum
828 1735 906 1786 etiam
919 1735 1039 1788 virorum
1057 1755 1191 1789 commen·

127 1816 264 1882 turiani
285 1814 377 1867 iterata
396 1812 514 1865 editione
528 1823 694 1882 repetuntur.
722 1813 862 1884 Explicant
877 1814 921 1866 alii
939 1834 1031 1867 scenam
1048 1834 1097 1887 per
1115 1816 1194 1869 ludos

127 1895 317 1969 pymnmtioos,
330 1911 397 1964 quos
408 1889 596 1945 Lacedaemone
609 1909 705 1961 magno
717 1892 746 1944 in
758 1894 847 1962 pretio
858 1894 938 1946 subse
955 1896 1065 1960 scimus,
1082 1896 1192 1949 feminas

127 1993 233 2050 unoque
246 1975 285 2029 eis
300 1971 424 2025 admissas
436 1990 491 2024 non
506 1989 648 2041 negamus,
667 1968 714 2023 sed
726 1989 844 2042 pugnare
856 1971 963 2026 videtur
978 1974 1033 2026 lucc
1052 1975 1192 2046 explicatio

127 2067 220 2111 matrs
234 2072 313 2107 usum
334 2052 406 2104 vocis
425 2050 522 2111 Scene,
548 2049 681 2102 aGroecis
701 2068 775 2121 nque
795 2070 824 2104 ac
840 2053 967 2104 Romanis
985 2066 1129 2125 receptum.
1158 2056 1193 2107 Et
1272 2044 1276 2049 ¹

127 2147 208 2191 restat
221 2133 352 2205 quatio:
377 2130 444 2196 Quis
456 2127 578 2182 mercede
596 2127 727 2181 conducet
743 2128 850 2182 viduam
864 2132 993 2197 nobilem,
1021 2145 1052 2185 ut
1067 2147 1109 2185 eat
1124 2152 1195 2205 spec·

127 2213 232 2269 tatum?
252 2212 305 2265 Alii
321 2210 451 2281 denique,
472 2227 588 2280 quorum
600 2208 725 2280 princeps
740 2208 791 2261 tuit
808 2209 988 2285 Hieronymus
1002 2213 1121 2283 Magius,
1137 2232 1194 2271 cre-

127 2291 268 2356 diderunt,
288 2292 340 2362 legi
362 2289 458 2343 debere
482 2309 587 2349 canam,
611 2306 666 2341 uon
684 2306 797 2342 scenam.
823 2291 877 2341 Aut
895 2290 964 2344 hanc
976 2291 1130 2359 lectionem,
1150 2309 1195 2348 aut

127 2375 207 2428 edam
219 2373 257 2424 sd
265 2371 358 2430 lenam,
374 2366 535 2440 corrigendo
551 2368 633 2421 textui
645 2380 733 2439 aptam
746 2367 1194 2443 essecrediditJ.M.Heusingerus,

127 2472 211 2525 esque
225 2471 268 2505 res
281 2451 380 2522 largam
395 2449 508 2521 praebuit
522 2448 660 2501 materiam
672 2446 859 2519 disputationis
873 2450 1042 2521 interipsum
1059 2463 1086 2504 et
1096 2450 1194 2504 doctis·

127 2534 225 2587 simum
238 2529 416 2585 Starernium.
440 2528 550 2581 Certum
564 2526 673 2598 quidem
687 2540 740 2592 est,
755 2529 927 2581 Lacennrum
939 2548 1027 2583 mores
1040 2548 1095 2581 non
1114 2531 1194 2584 fuisse

127 2630 182 2684 pre
196 2610 298 2665 ceteris
318 2621 411 2662 castos.
438 2606 491 2660 Sed
511 2607 591 2660 lectio
614 2607 649 2657 ad
670 2606 747 2657 lenam
770 2626 827 2658 non
847 2607 947 2678 placuit
964 2609 1043 2660 beato
1060 2608 1195 2673 Gesnero,

127 2695 200 2763 inse,
217 2703 249 2744 ut
268 2689 336 2742 mihi
357 2686 464 2760 quidem
479 2683 598 2748 videtur3
618 2697 657 2747 et,
677 2684 699 2736 si
714 2688 875 2756 exprobrare
897 2686 986 2756 Nepos
1003 2686 1089 2740 voluit
1105 2686 1194 2741 viduis

127 2771 245 2826 huonis
260 2788 366 2822 morum
385 2765 537 2830 licentiam,
557 2765 609 2816 boc
630 2781 708 2815 sensu
730 2765 776 2817 vix
802 2764 937 2836 adaequate
958 2764 1054 2820 dixisse
1073 2765 1192 2820 videtur:

127 2850 194 2919 Qun
209 2869 266 2904 non
281 2848 315 2901 ad
328 2865 429 2902 omnam
442 2857 484 2898 eat
502 2841 623 2896 mercede
637 2841 776 2897 conducta,

163 2929 244 2984 Nihil
258 2929 347 3000 itaque
368 2936 500 2999 superest,
528 2923 581 2975 uisi
603 2937 634 2975 ut
657 2922 747 2975 locum
762 2920 911 2993 judicemus
930 2922 997 2977 adeo
1020 2937 1193 2996 corruptum,

127 3009 233 3064 AEmilii
247 3009 356 3062 sonasse
368 3005 449 3058 Probi
466 3004 560 3075 culpa,
576 3015 605 3055 ut
619 3002 793 3074 probabiliter
802 3022 850 3055 nec
864 3003 988 3075 explicari
999 3022 1048 3056 nec
1060 3003 1196 3057 emendari

127 3090 220 3163 possit.
248 3087 339 3140 Nolim
359 3085 430 3138 enim
446 3101 566 3136 accusare
582 3082 753 3149 Cornelium,
775 3102 837 3135 eum
853 3084 882 3134 in
903 3083 1022 3135 moribus
1042 3083 1196 3137 Graecorum

127 3165 311 3243 exponendis,
335 3167 363 3217 iu
392 3164 546 3235 prefatione
569 3161 733 3231 pracsertim,
756 3163 803 3214 ubi
824 3162 942 3233 exempla
965 3161 1104 3234 deligenda
1121 3177 1196 3217 erant

127 3248 267 3302 notisima
280 3259 306 3299 et
319 3245 479 3308 certissima,
492 3255 545 3295 tam
561 3241 675 3314 graviter
688 3258 796 3296 errasse.

165 3327 221 3380 IV.
242 3326 320 3379 Praei.
338 3320 363 3386 S.
380 3342 390 3376 1
408 3341 415 3376 :
439 3324 501 3392 Quis
515 3326 626 3375 musicam
643 3320 752 3372 docuerit
766 3319 966 3392 Epaminondam
987 3321 1059 3374 Nihil
1080 3322 1196 3391 apertius

127 3407 247 3463 declarat
265 3406 334 3458 hanc
349 3404 504 3457 Graecorum
527 3418 666 3454 moruma
688 3401 813 3452 Romanis
836 3398 1033 3466 diversitatem,
1063 3418 1141 3471 quam
1167 3401 1197 3455 id

127 3484 202 3561 prod
222 3485 308 3539 Cicero
321 3485 372 3549 sit,
395 3484 488 3552 Quart.
504 3483 574 3534 Tusc.
593 3483 623 3545 l,
639 3499 663 3533 c.
679 3487 714 3544 4:
735 3507 746 3527 ι
756 3480 892 3532 Summam
913 3478 1090 3532 eruditionem
1109 3480 1195 3534 Greci

127 3596 138 3617 ι
151 3568 236 3622 sitam
252 3566 395 3618 censebant
408 3562 435 3614 iu
452 3579 593 3613 nervorum
608 3578 757 3632 vocumque
770 3559 899 3612 cantibus.
915 3560 1000 3630 Igitur
1010 3572 1036 3612 et
1047 3560 1198 3631 Epaminon·

127 3675 137 3698 ι
148 3648 211 3709 dns,
227 3645 364 3717 princeps,
378 3660 437 3694 meo
449 3639 564 3710 judicio,
574 3638 805 3703 Grecie,fidibns
816 3639 940 3710 preclare
950 3640 1074 3693 cecinisse
1083 3639 1195 3702 dicitnr,

127 3754 138 3778 ι
154 3725 381 3793 Themistoclesque
396 3721 496 3791 aliquot
511 3731 571 3771 ante
584 3718 768 3789 annis,quu1u
792 3721 821 3772 iu
839 3718 924 3790 epulis
942 3733 1085 3773 recusasset
1097 3721 1197 3792 lyram,

127 3806 263 3860 slssbitus
277 3814 316 3856 est
331 3800 470 3853 indoctior.
499 3800 570 3869 Ergo
587 3799 616 3850 in
631 3797 733 3851 Grecis
748 3800 843 3853 musici
860 3797 1022 3860 floruerunt,
1047 3799 1196 3852 discebant·

127 3903 204 3958 nque
218 3881 249 3934 id
264 3900 369 3946 omues,
384 3898 447 3944 uec,
459 3880 506 3950 qui
521 3878 665 3943 nesciebat,
678 3879 739 3931 satis
753 3881 870 3933 excultus
882 3876 1002 3933 doctrina
1016 3879 1168 3949 putubatur.
1180 3902 1191 3920 a

165 3963 304 4017 Carebant
316 3960 440 4014 Romani.
463 3977 547 4029 quum
562 3971 650 4010 tamen
662 3957 799 4012 Ciceronis
813 3971 888 4011 astate
903 3971 989 4013 essent
1001 3956 1193 4017 florentissimi,
