2706 4770
468 366 915 436 OBSERVATIONES.
1152 368 1225 439 325

158 496 191 547 in
215 504 375 565 potestatem
393 512 468 547 susm
487 514 542 548 esse
563 493 724 548 reducturos.
752 495 819 548 Inde
840 498 952 549 accrevit
970 498 1067 550 sensim
1088 498 1158 569 spnd
1182 520 1227 552 eos

159 571 297 645 cupiditas
309 572 418 626 Grecis
432 574 543 626 interius
558 574 762 646 cognoscendte;
778 575 968 629 accendebatur
982 577 1059 630 etism
1073 578 1227 631 Groecornm

158 664 300 707 oratorum
313 652 440 723 exemplis
454 653 610 725 eloquentior
628 653 757 715 studium,
779 655 844 708 utile
861 656 991 726 imprimis
1010 655 1081 727 apud
1094 659 1226 711 Romanos

159 731 192 785 in
202 750 234 785 re
247 731 355 803 publica
366 732 532 803 cspessends.
548 733 618 785 ann
624 732 706 799 Cato,
718 736 836 804 quamvis
850 736 946 800 senior,
955 735 1097 806 arripiebat
1108 735 1226 790 stndinm

159 810 343 876 Litterarum
356 823 412 863 tum
424 810 521 865 Grncae
537 812 644 877 subulae,
656 831 670 864 s
683 825 721 865 tot
736 814 820 883 poetis
834 815 941 867 comicis
952 833 1025 885 seque
1035 833 1064 867 sc
1079 816 1183 886 tragicis
1198 817 1225 869 in

159 890 289 943 Latinum
303 908 451 943 sermonem
468 891 614 957 trunslntae,
633 891 772 962 placebant
792 893 901 964 populo.
925 892 1044 946 Tandem
1066 893 1225 965 Cartbagine
1309 886 1313 895 ’

160 966 297 1023 demam
311 981 339 1023 et
351 967 444 1022 codem
463 988 533 1023 anno
551 970 683 1024 Corintho
697 969 798 1039 deleta,
816 990 897 1042 quum
911 974 1022 1025 Romani
1034 987 1136 1043 captam
1151 988 1224 1027 tene·

159 1061 221 1103 rent
235 1048 365 1102 Graeciam
373 1086 382 1114 ,
400 1066 483 1120 quum
496 1067 589 1102 eornm
606 1050 696 1121 spoliis
716 1049 783 1104 mdes
795 1069 853 1104 snas
866 1064 1038 1115 exornarent,
1054 1066 1128 1106 aucte
1143 1054 1223 1106 estin

159 1128 323 1181 immensum
338 1127 491 1181 Grncarnm
511 1142 563 1181 tem
580 1129 674 1181 artium
688 1148 768 1200 quam
780 1131 927 1183 litterarum
944 1130 1083 1203 cupiditas.
1097 1133 1176 1185 Multi
1191 1152 1224 1187 ex

159 1206 303 1274 Romanis,
317 1207 397 1260 etiam
417 1207 560 1261 consularis
571 1206 705 1278 dignitatis
720 1210 786 1274 riri,
801 1229 842 1261 res
860 1210 991 1262 Romanas
1004 1228 1089 1280 greco
1102 1229 1224 1264 sermone

160 1286 189 1339 iu
204 1286 344 1341 historiam
357 1288 539 1349 conserebant,
555 1288 628 1340 nteit
642 1288 762 1340 lustinus
777 1290 806 1340 in
821 1289 974 1359 praelatione
985 1287 1018 1340 ad
1030 1307 1105 1341 suum
1120 1290 1222 1361 eTrogi

159 1364 283 1439 Pompeii
300 1384 382 1439 opere
396 1380 547 1438 excerptum
562 1367 671 1419 librum.
692 1367 785 1419 Latiim
800 1367 887 1438 lingua
901 1367 993 1420 eodem
1009 1381 1127 1439 tempore
1140 1369 1224 1421 incre·

159 1442 239 1499 dihili
253 1443 344 1498 studio
364 1446 521 1518 locupletato
536 1458 563 1497 et
575 1445 690 1517 expolita
709 1446 737 1497 in
753 1458 855 1507 tantum
871 1461 979 1517 repente
994 1460 1081 1499 erecta
1097 1459 1135 1499 est
1149 1448 1222 1500 fusti·

158 1524 249 1595 glum,
265 1537 295 1577 ut
314 1542 369 1578 non
387 1525 505 1578 emulari
521 1523 601 1577 modo
615 1523 734 1590 Grocos,
749 1524 795 1577 sed
810 1537 836 1577 et
852 1543 975 1597 supersre
987 1526 1084 1578 veilent
1098 1527 1221 1581 llomnni.

157 1602 248 1659 Greci
263 1602 429 1676 philosophi,
448 1605 582 1668 rhetores,
601 1603 712 1691 srffces
728 1606 839 1656 Romam
854 1606 1045 1670 convolshsnt,
1064 1608 1169 1677 premia
1183 1608 1221 1660 ihi

157 1682 261 1755 ingenii
271 1694 298 1735 et
306 1684 428 1737 laborum
441 1684 595 1755 expetittni,
608 1701 667 1754 qun
673 1683 774 1754 patris,
787 1684 813 1735 in
828 1685 979 1737 servitutem
992 1685 1091 1755 quippe
1102 1684 1220 1753 redscts,

156 1762 204 1815 vix
218 1761 388 1829 concedehat.
411 1763 513 1817 Contra
528 1781 557 1815 es
574 1763 686 1815 llomani
696 1763 840 1815 nobiliores
852 1763 980 1817 Graeciam
994 1765 1133 1835 petebant,
1149 1766 1220 1817 utin

157 1840 258 1895 scholis
283 1844 340 1913 ejus
359 1842 562 1909 celebrioribus,
582 1860 641 1913 qun
659 1841 785 1905 Athenis,
801 1844 913 1915 Ephesi,
928 1842 1017 1895 Rhodi
1035 1844 1218 1910 habebantur,

153 1920 318 1975 eruditiores
335 1920 511 1975 redderentur
538 1921 579 1974 vel
608 1922 809 1992 eloquentiores.
847 1922 974 1975 Obstabnt
997 1937 1084 1976 tumen
1112 1924 1219 1977 arctiori

154 2000 296 2073 utriusque
319 2001 412 2073 populi
435 2001 616 2072 conjunctioni
640 2019 744 2052 morum
765 1999 917 2066 diversitas,
938 2013 965 2054 et
985 2020 1053 2072 tegre
1072 2001 1219 2056 tolershsnt

152 2078 242 2135 Groui
250 2118 260 2145 ,
276 2098 325 2134 nec
337 2081 389 2134 nisi
404 2081 550 2133 necessitati
563 2078 701 2143 cedentes,
725 2081 903 2132 Romanorum
921 2081 1079 2151 snperbiam.
1100 2081 1214 2134 Romani

153 2160 237 2231 vulgo
250 2161 453 2213 contemnehsnt
467 2161 588 2215 Grecos.
604 2178 659 2210 non
672 2158 757 2210 solum
770 2172 800 2211 ut
813 2177 828 2211 s
843 2158 979 2224 revictos,
995 2158 1041 2213 sed
1054 2160 1134 2212 etiam
1142 2160 1217 2214 nulla

150 2250 211 2292 tum
223 2240 352 2311 temporis
366 2258 498 2291 armornm
512 2239 595 2309 glosis
606 2236 781 2309 splendentes.
815 2254 818 2259 ·

189 2319 345 2371 Monstrare
359 2318 442 2372 voluit
463 2318 613 2373 Cornelius.
630 2318 710 2369 fnisse
724 2318 789 2370 olim
802 2315 882 2370 duces
897 2318 966 2372 inter
977 2317 1083 2371 Graecos
1096 2358 1103 2377 .
1116 2320 1213 2390 partim

145 2397 252 2451 virtute
272 2411 299 2451 et
310 2416 400 2451 amore
416 2397 523 2470 patrie,
540 2398 636 2468 partim
650 2395 883 2469 etiamprndentia
896 2398 1023 2465 militari,
1037 2399 1214 2451 celeberrimis

144 2476 222 2529 inter
230 2480 364 2530 llomsnos
370 2475 576 2549 cqniparandos.
585 2477 696 2528 Librum
704 2477 859 2547 conscripsit
868 2496 923 2529 non
936 2478 1024 2530 tamin
1035 2478 1211 2543 nobiliorum,

142 2574 299 2628 eorumque
322 2576 481 2628 pancorum,
503 2557 629 2627 gratiam,
648 2556 694 2626 qui
714 2557 764 2627 ipsi
783 2556 853 2608 inter
874 2555 980 2608 Graecos
1000 2556 1138 2617 vixerant,
1163 2557 1209 2627 qni

142 2637 268 2709 optimos
281 2654 373 2689 eornm
397 2638 537 2709 scriptores
558 2636 708 2688 lectitabant
724 2647 749 2685 et
763 2635 790 2686 in
805 2634 905 2693 deliciis
922 2634 1068 2696 habebant,
1086 2653 1164 2704 qnam
1181 2636 1209 2687 in

140 2716 340 2787 plerorumque
351 2716 450 2769 civium
463 2734 585 2774 snorum,
605 2715 651 2785 qni
664 2714 768 2765 Graecns
786 2734 827 2766 res
843 2713 885 2765 vel
899 2713 976 2783 plane
998 2713 1154 2783 ignorabant
1170 2715 1211 2766 vel

140 2793 243 2849 leviter
248 2807 352 2847 tuntum
360 2806 541 2847 tractaverant.
551 2794 628 2846 Hunc
639 2794 663 2845 ei
670 2794 749 2845 luisse
754 2812 863 2864 scopum
874 2791 970 2844 diserte
978 2789 1075 2844 indicat
1082 2792 1210 2863 prefatio.

141 2876 178 2930 Et
193 2892 253 2946 quo
266 2874 368 2928 facilins
379 2876 524 2927 multorum
535 2874 602 2926 vitas
613 2871 719 2926 modico
734 2873 868 2924 volumine
879 2869 1127 2941 comprehenderet,
1148 2891 1211 2925 usus

139 2966 182 3011 ut
201 2972 303 3025 genere
320 2952 453 3007 scribendi
474 2951 692 3025 compendiario,
705 2970 759 3003 non
773 2952 824 3004 nisi
840 2968 953 3002 summus
966 2968 1054 3001 rernm
1068 2950 1211 3022 attingens,

139 3035 171 3089 in
196 3034 367 3105 temporibus
394 3032 517 3086 notandis
548 3032 730 3103 negligentior.
759 3031 907 3083 Concilisre
928 3028 1032 3081 volebat
1055 3028 1208 3082 Grecornm

139 3112 256 3187 ingenia
271 3126 298 3166 et
315 3113 425 3166 virtutes
445 3113 542 3165 civium
564 3130 673 3164 snorum
695 3109 800 3174 animis;
826 3108 871 3161 sed
886 3109 976 3160 obesse
993 3106 1098 3161 videbat
1111 3109 1206 3161 borum

137 3205 345 3266 proconceptas
358 3192 510 3263 opiniones,
526 3208 698 3263 magnumque
712 3208 817 3241 morum
831 3187 1017 3240 diversitatem.
1050 3188 1143 3240 Monet
1160 3189 1209 3240 ita·

137 3292 197 3347 qne
215 3271 246 3324 in
265 3272 419 3341 prelatione
437 3291 498 3339 eos,
517 3272 562 3341 qui
580 3271 648 3322 nihil
670 3282 771 3321 rectum
796 3279 904 3339 putant,
928 3266 979 3318 nisi
998 3265 1070 3337 quod
1090 3267 1207 3338 ipsorum

137 3352 271 3407 moribus
287 3352 427 3411 «invenit,
450 3364 480 3403 nt
493 3350 610 3413 discant,
630 3368 684 3401 non
697 3347 788 3400 eadem
805 3346 928 3398 omnihus
939 3364 995 3398 esse
1008 3346 1115 3398 honesta
1129 3360 1207 3417 atque

136 3431 251 3504 turpia,
275 3442 302 3483 et
320 3430 433 3483 illustrat
447 3430 516 3483 hanc
536 3428 743 3481 admonitionem
764 3427 843 3479 variis
861 3426 925 3478 scite
949 3423 1056 3478 delectis
1071 3426 1204 3498 exemplis.

134 3510 320 3565 Recte'enim
341 3509 477 3581 judicsbnt
494 3510 646 3573 Cornelius,
667 3509 829 3579 precipuum
847 3524 902 3557 esse
918 3492 1057 3576 biographi
1072 3505 1207 3569 officinm,

133 3608 251 3645 servare
263 3608 351 3641 mores
368 3607 477 3654 eornm,
501 3607 616 3659 quornm
629 3587 709 3639 vitam
726 3584 875 3639 describere
887 3584 1009 3636 institnit.

177 3672 247 3736 Quo
262 3681 389 3740 apparatu
410 3669 553 3721 instructus
575 3665 676 3719 adhoc
696 3685 761 3736 opus
778 3683 805 3717 se
825 3664 983 3729 accinxerit,
1007 3664 1035 3716 iu
1052 3664 1205 3734 praesstione

131 3747 272 3805 lectorem
279 3767 334 3800 non
349 3747 434 3802 docet.
451 3749 474 3799 E
486 3746 592 3819 psncis,
607 3764 668 3817 quse
681 3745 709 3796 in
721 3746 778 3816 ipso
791 3745 860 3797 libro
871 3756 1027 3805 occurrunt,
1038 3743 1206 3796 citationibus

130 3842 233 3898 patet,
250 3825 284 3880 ad
298 3845 391 3880 manns
409 3828 489 3880 fnisse
506 3826 630 3879 Cornelio
644 3826 672 3877 in
685 3823 763 3876 rebus
782 3822 880 3876 Grecis
898 3822 1084 3893 cognoscendis
1099 3822 1206 3892 Thucy·

128 3905 462 3979 didetn,Theupompum
473 3919 500 3959 et
509 3906 654 3968 Timnnm,
666 3904 695 3958 in
703 3905 782 3955 rebus
790 3901 884 3956 Siculis
892 3902 1033 3955 Philistum
1041 3938 1049 3965 ,
1057 3902 1084 3953 in
1097 3899 1206 3952 Persicis

128 3983 292 4054 Dinouem,
311 3986 340 4039 in
353 3986 479 4040 Romanis
491 3997 587 4057 preter
601 3984 665 4037 alios
680 3983 834 4055 Polybium,
857 3994 885 4034 nt
901 3982 967 4035 etin
985 3981 1040 4034 vita
1052 3978 1207 4033 llannihalis

949 4071 1019 4154 nt³
