2706 4770
148 369 253 417 mn
389 345 958 416 NOTITIALIT'I‘ERARIA

149 478 373 549 commentitia
391 476 536 571 Epistola
551 477 595 546 de
609 475 817 546 meabilibus
830 477 1053 562 Irzdr'ae„cum
1064 477 1204 573 inscrip-

149 587 237 654 tione
248 609 255 652 ε
266 580 448 652 Alexander
461 585 603 676 Magnus
617 581 798 668 Aristoteli,
812 585 1005 676 praeceptori
1024 607 1083 650 suo
1092 636 1102 669 ,
1112 583 1204 653 salu·

149 703 215 758 tem
229 687 316 757 dicit.
327 690 442 758 Graece
451 712 619 781 nunquam
631 687 712 756 vidit
723 685 956 773 lucem;latine
974 713 1069 775 vero,
1084 703 1205 783 praeter

148 793 308 864 editiones
325 795 359 861 in
381 791 582 862 Bibliotheca
604 795 738 878 Graeca,
760 792 813 860 lib.
831 793 922 879 11‚c.
937 795 990 878 X,
1006 808 1083 862 sect.
1107 818 1206 888 17,a

149 925 202 969 me
215 914 426 986 memoratas,
436 923 555 968 excusa
567 912 616 967 est
629 921 734 993 nuper
744 899 866 968 Giessae
879 902 1075 986 Hassorum,
1088 898 1205 994 1706,

149 1005 192 1092 8,
214 1019 349 1073 curante
364 1003 494 1074 Andrea
509 1003 677 1090 Paullino,
698 1005 754 1095 qui
776 1028 836 1071 nec
847 1002 888 1071 de
907 1019 1061 1090 auctore,
1079 1028 1141 1073 nec
1163 1005 1204 1074 de

149 1112 326 1205 interprete
351 1109 583 1205 ambigendum
610 1124 719 1196 ratus,
744 1110 777 1176 in
804 1106 916 1177 schola
942 1109 1202 1179 Darmstadiensi

147 1239 220 1285 eam
245 1215 420 1310 praelegere
447 1214 613 1310 discipulis
642 1214 707 1283 suis
732 1215 879 1282 instituit.
902 1215 1101 1307 Quanquam
1122 1239 1203 1284 vero

147 1335 276 1391 certum
294 1336 361 1408 est,
387 1323 421 1388 in
442 1321 504 1391 hac
525 1319 671 1414 Epistola
692 1318 754 1413 legi
774 1318 928 1413 pleraque
951 1320 1203 1413 hujuscemodi,

147 1425 258 1521 qualia
273 1427 313 1495 de
331 1415 433 1496 Indiae
448 1426 650 1494 mirabilibus
672 1423 723 1492 vel
734 1427 945 1495 commentati
959 1425 1010 1493 vel
1024 1429 1202 1494 commenti

148 1532 226 1601 olim
248 1546 325 1601 sunt
345 1532 564 1618 Onesicritus,
586 1531 808 1623 Orthagoras,
825 1546 859 1599 et
883 1532 936 1599 alii
958 1555 1068 1600 rerum
1090 1547 1202 1624 gesta·

149 1662 223 1705 rum
259 1634 434 1704 Alexandri
466 1639 665 1730 scriptores3
687 1651 796 1704 tamen
829 1636 914 1706 hanc
948 1634 1129 1730 Epistolam
1160 1637 1201 1705 ab

149 1740 333 1811 Alexandro
354 1741 525 1835 scriptam,
542 1740 593 1809 vel
615 1766 635 1809 a
653 1745 780 1834 Nepote
801 1767 944 1829 versam,
967 1743 1100 1811 minime
1123 1743 1200 1811 mihi

147 1845 337 1940 persuadeo.

423 1971 543 2040 Plures
569 1969 716 2041 Cornelii
735 1977 924 2066 scrrptores.

201 2168 316 2235 Petrus
347 2166 494 2233 Nannius
527 2163 752 2233 Alcmarianus
785 2164 903 2233 librum
933 2163 1130 2258 singularem
1160 2166 1200 2234 de

148 2269 244 2339 claris
259 2267 419 2339 Corneliis
432 2270 561 2364 scripsit
573 2270 615 2338 ad
633 2269 824 2339 Cornelium
838 2272 981 2339 Musium
1000 2269 1199 2364 Delphium,
1239 2274 1244 2280 ’

148 2399 289 2470 eumque
307 2399 373 2443 suae
394 2373 557 2468 praeclarae
578 2376 715 2469 Nepotis
733 2375 865 2445 editioni
877 2377 1011 2444 inseruit
1023 2377 1061 2444 A.
1081 2377 1199 2445 Schot-

149 2496 210 2549 tus.
236 2482 275 2547 In
303 2478 357 2548 illo
379 2478 464 2547 libro
486 2493 586 2573 caput
608 2483 639 2548 V
659 2495 709 2549 est
728 2480 770 2548 de
792 2480 952 2550 Corneliis
975 2483 1199 2574 scriptoribus.

148 2586 232 2654 Sunt
251 2599 360 2654 autem
379 2599 496 2679 proeter
517 2588 677 2679 Nepotem
692 2601 840 2654 nostrum
856 2587 891 2654 hi
907 2585 1102 2654 :Cornelius
1121 2587 1200 2656 Gal·

149 2687 216 2777 lus,
240 2705 273 2759 et
297 2690 468 2761 Cornelius
493 2693 641 2778 Tacitus,
670 2691 840 2760 Cornelius
868 2690 990 2760 Calvus
1013 2706 1147 2776 orator,
1169 2709 1201 2761 ct

149 2795 321 2866 Cornelius
337 2798 494 2881 Severus,
511 2821 550 2864 ac
570 2795 743 2865 Cornelius
765 2799 908 2866 Licinius
926 2796 1062 2883 Calvus,
1084 2813 1199 2890 poetae.

148 2904 209 2972 llis
222 2903 298 2972 addi
310 2917 448 2997 possunt
458 2926 525 2970 non
535 2904 704 2995 pauciores
715 2901 784 2989 alii,
797 2917 834 2970 ut
844 2901 1015 2970 Cornelius
1030 2902 1202 2989 Thuscus,

147 3032 245 3102 quem
260 3011 293 3077 in
309 3009 460 3079 suasoriis
474 3007 601 3075 deridet
614 3009 735 3076 Seneca
748 3035 756 3090 ;
770 3006 941 3076 Cornelius
954 3006 1092 3101 Alpinus
1111 3009 1202 3103 apud

150 3115 262 3182 llomt.
274 3167 284 3200 ,
295 3139 391 3206 quem
407 3139 484 3182 cum
497 3112 593 3182 Gallo
612 3112 819 3182 confundunt
836 3111 983 3181 nonnulli
996 3139 1006 3198 3
1024 3113 1202 3184 Cornelius

148 3217 520 3312 Capitolinuslaudatus
527 3217 689 3286 Trebellio
701 3217 838 3286 Pollioni
848 3222 881 3285 in
893 3218 1200 3302 Odenat03LCor·

148 3320 251 3390 nelius
268 3321 357 3389 Sulla
368 3321 523 3404 dictator,
536 3325 670 3415 ejusque
681 3321 817 3391 libertus
829 3322 1001 3390 Cornelius
1015 3324 1202 3416 Epicadus,

147 3428 204 3519 qui
223 3424 359 3511 librum,
379 3450 477 3518 quem
495 3424 536 3493 de
549 3430 647 3520 gestis
662 3430 728 3496 suis
741 3443 898 3520 patronus
919 3431 1110 3522 scripserat,
1122 3455 1201 3524 sup·

147 3528 267 3624 plexit,
287 3543 369 3599 teste
386 3532 553 3600 Suetonio.
576 3532 661 3600 Vide
679 3534 721 3600 sis
738 3535 891 3601 Vossium
908 3534 950 3601 de
968 3537 1051 3602 Hist.
1070 3533 1202 3620 latinis,

147 3633 236 3727 apud
253 3658 349 3727 quem
372 3634 474 3703 habes
495 3639 592 3703 etiarn
604 3636 646 3704 de
667 3637 821 3705 Cornelio
843 3640 975 3708 Boccho
993 3654 1027 3707 et
1041 3641 1202 3710 Cornelio

148 3735 341 3820 Valeriano,
354 3764 437 3831 quos
452 3739 570 3833 allegat
586 3742 716 3810 Plinius.
739 3747 788 3811 Ex
806 3744 993 3813 Corneliani
1015 3744 1099 3813 libro
1114 3772 1200 3814 con-

146 3860 198 3914 tra
214 3844 402 3912 Bemnioem
419 3845 574 3914 nonnulla
586 3846 684 3914 affert
697 3851 861 3926 Stobaeus.
875 3875 1024 3918 sermone
1037 3853 1097 3918 lv.
1109 3851 1201 3921 Alios

146 3945 317 4020 Cornelios
331 3963 450 4042 pretor
461 3952 624 4020 Nannium
638 3953 748 4021 retulit
761 3957 810 4022 Jo.
829 3954 1052 4048 Glandorpius
1064 3959 1099 4023 in
1110 3959 1202 4025 Ono
