2706 4770
303 54 317 85 Ι

143 316 163 341 ‘
239 353 308 421 An
335 352 666 422 cornutium
692 353 958 424 uasorum.
1028 311 1125 454 '367

58 482 126 536 vitas
142 480 285 536 Alexandri
305 501 453 537 sermonem
465 494 557 536 nostro
568 501 633 537 csse.
646 481 698 538 Sed
711 502 767 538 nou
779 485 901 539 tacuisset
913 486 942 539 ls.
956 486 975 539 l.
991 486 1080 559 Nepos
1092 486 1127 542 de

58 562 155 633 priore
174 562 386 634 proiecturam
404 563 518 634 aliquam
536 564 670 635 prioribus
689 562 831 618 Alexandri
844 566 922 619 annis
942 567 1061 637 gessisset
1072 568 1127 621 Ea·

60 660 163 695 menes.
182 642 217 695 Et
230 642 277 713 qui
297 640 403 697 dixisset
416 644 498 696 ulum
514 639 560 706 (h.
575 662 599 696 e.
616 656 646 697 ut
659 644 703 697 ille
718 644 825 716 accipit,
839 643 967 711 dirmae,
980 643 1045 711 alii)
1064 664 1126 701 eum

60 721 110 773 alas
124 720 274 793 prefuisse,
286 740 369 793 quum
386 723 483 794 prioris
502 723 602 776 nnllam
620 724 782 778 mentionem
806 724 919 779 iecerit?
942 726 1030 779 Altera
1046 727 1126 797 igitur

60 800 104 852 als
118 812 159 853 est
173 800 313 866 alterutra,
327 820 343 854 e
357 800 460 856 duabus
478 820 539 855 uua.
561 802 603 856 Sic
620 803 692 855 enim
705 803 852 874 loquuntur
866 805 961 877 optimi
973 806 1124 878 scriptores.

60 878 221 945 Suetonius,
234 880 330 945 Galba,
341 899 364 934 c.
379 899 415 939 to
426 899 432 934 :
444 883 547 935 Almana
559 882 636 934 ultera
649 902 713 954 segre
725 894 817 934 retentu
827 887 853 934 a'a
862 883 950 955 officio.
962 885 1069 950 Cicero,
1084 885 1126 952 ll,

60 958 142 1013 ome.
164 960 198 1013 13
209 977 217 1011 :
230 960 311 1030 Qum
320 970 343 1011 sc
355 962 483 1032 Pompeius
494 962 541 1013 olae
556 962 628 1015 alteri
635 964 791 1033 preficisset.
807 962 926 1029 Hirtius,
937 962 971 1016 de
983 965 1058 1018 Bello
1067 965 1124 1018 Alr.

62 1038 151 1092 ew
160 1040 261 1091 alterare
271 1040 336 1092 alans
347 1044 427 1094 nictit.
439 1040 482 1094 sic
491 1041 587 1094 Noster
600 1042 700 1094 «tunm
710 1061 784 1095 cornu
797 1041 878 1107 dixit,
889 1043 971 1108 XVI,
982 1049 1011 1108 4,
1024 1045 1050 1098 3.
1065 1042 1125 1100 ros.

99 1214 339 1286 nmm‚11,p.
354 1215 418 1284 187.
428 1214 510 1267 Liberi
517 1218 576 1286 ejus.
589 1214 725 1281 Dicdum,
737 1216 859 1282 xxv,ait‚
870 1215 1047 1270 Alexandrum
1057 1235 1128 1272 mor·

60 1307 139 1348 tarum
152 1311 209 1347 esse
224 1294 280 1347 sine
297 1294 396 1348 liberis.
412 1292 487 1347 ldem
507 1294 587 1367 paulo
601 1307 662 1367 post
680 1292 754 1348 addit
764 1334 771 1362 ,
781 1294 931 1358 Andrium,
949 1296 1066 1368 Philippi
1081 1297 1126 1362 Κ,

60 1371 205 1427 Alexandri
224 1374 293 1445 regis
309 1374 418 1426 fratrem
431 1392 464 1427 ex
481 1374 531 1427 alia
548 1386 649 1443 meuc,
663 1375 696 1428 ab
715 1375 839 1428 omnibus
857 1374 1023 1447 principibus
1038 1394 1125 1447 regem
1199 1371 1201 1376 ’

59 1454 160 1508 lactum
174 1470 205 1505 ac
218 1454 377 1524 probatum3
392 1451 544 1507 Perdiccam
560 1465 646 1507 autem
659 1455 734 1526 regui
746 1451 985 1508 administratorem
1000 1467 1125 1508 creatum.

58 1530 113 1586 asa
120 1533 267 1585 Plutarcho
277 1531 505 1599 tradit,lloxanen
515 1552 547 1587 ex
556 1532 707 1587 Alexandro
717 1547 896 1607 pugnantem
910 1533 990 1588 fixisse
997 1534 1124 1589 relictam.

59 1614 149 1685 Atque
166 1613 238 1665 huuc
251 1614 381 1666 incertum
397 1612 482 1666 lilium
497 1631 586 1685 regem
601 1632 674 1681 esse,
686 1625 713 1666 et
730 1632 758 1667 se
776 1615 876 1667 interea
889 1613 965 1685 regni
977 1627 1127 1669 curatorem

57 1689 191 1746 declarari
202 1690 339 1745 Perdiccas
351 1692 457 1745 volebat
466 1704 512 1758 ,ut
522 1694 558 1746 ait
566 1690 660 1746 eodem
672 1693 732 1746 loco
744 1692 898 1746 Plutarchus.
911 1691 1001 1760 Idem,
1012 1694 1068 1764 περὶ
1081 1697 1125 1754 τῆς

58 1771 202 1825 Alexandri
217 1773 292 1840 τὺχης
303 1772 319 1829 A
330 1772 367 1843 ἀρ.
380 1771 445 1844 λόγῳ
460 1774 493 1838 β,
503 1773 608 1838 scribit,
618 1771 798 1827 Alexandrum
810 1771 876 1827 duas
886 1792 980 1827 uxores
989 1772 1126 1839 habuisse,

58 1851 171 1904 alteram
186 1852 328 1913 Roxanen,
346 1851 454 1904 alteram
467 1851 607 1918 Statiram,
622 1852 696 1906 Darii
709 1852 806 1919 liliam,
821 1865 912 1908 utrum
928 1866 1015 1907 autem
1027 1852 1126 1907 liberos

58 1931 317 2004 pepererit‚necue,
329 1949 384 1984 non
399 1929 482 1984 addit.
496 1932 527 1984 In
541 1932 683 1985 Alexandro
697 1950 761 1986 vero
772 1945 876 1999 narrat,
889 1932 1025 1994 stutirem,
1043 1950 1125 2004 quum

57 2026 199 2082 prugum
209 2022 317 2075 esset,a
331 2011 439 2064 lioxane
454 2010 564 2082 epistola
577 2010 691 2082 quadam
705 2010 831 2065 insidiosa
844 2025 870 2065 et
877 2012 963 2066 falisci
975 2012 1126 2083 pellectum,

56 2108 116 2143 esse
128 2089 293 2143 interiectam
305 2101 331 2142 et
344 2089 373 2142 in
382 2101 491 2161 puteum
503 2089 639 2161 dejectam.
652 2091 704 2143 Alii
713 2092 846 2157 scribunt,
856 2091 981 2144 llarsinen
989 2091 1128 2154 Artabazi.

58 2170 116 2223 imo
132 2169 208 2221 Darii
224 2163 236 2231 (
244 2180 275 2221 ut
288 2170 347 2222 uult
361 2160 501 2235 Arriam)
513 2169 612 2234 liliam,
628 2170 778 2224 Memnonis
792 2188 919 2235 uxorem,
931 2170 990 2223 viro
1004 2181 1127 2233 mortuo,

59 2249 93 2301 ab
104 2245 257 2301 Alexandro
268 2265 458 2319 compressam,
474 2248 558 2301 lilium
568 2249 715 2320 peperisse,
723 2248 866 2303 Herculem
876 2249 997 2316 nomine,
1007 2250 1052 2320 qui
1059 2248 1131 2302 mo'r·

59 2340 108 2380 tuo
124 2325 274 2381 Alexandro
286 2345 386 2380 annum
400 2327 480 2381 aetatis
495 2326 628 2382 decimum
640 2329 764 2400 quintum
781 2342 889 2401 ageret:
903 2347 982 2403 quem
997 2328 1072 2400 regui
1084 2329 1129 2382 he·

56 2405 153 2460 redem
166 2424 222 2461 esse
232 2419 354 2477 oportere
367 2408 468 2479 potius,
482 2426 562 2479 quam
577 2409 692 2461 lloxauas
702 2422 810 2480 partum
824 2410 955 2462 incertum
967 2408 1001 2462 ad
1017 2428 1127 2480 regnum

56 2488 218 2559 exspectari,
226 2486 377 2539 Nearchum
385 2486 557 2541 contendisse.
565 2486 638 2554 Quid
645 2489 725 2559 igitur
735 2486 893 2541 dicendum?
904 2490 1025 2541 Roxanes
1037 2488 1126 2551 lilius,

57 2582 144 2638 quum
153 2563 302 2619 Alexander
310 2566 419 2620 excessit
426 2584 442 2618 e
450 2567 516 2631 vita,
525 2565 646 2619 nondum
657 2579 735 2619 uatus
744 2578 813 2630 erat,
820 2579 847 2619 et
855 2585 909 2618 non
919 2567 955 2618 ita
965 2567 1045 2637 longo
1053 2579 1126 2637 post,

57 2662 142 2717 quam
156 2657 233 2699 uatus
246 2657 300 2711 eat,
310 2656 431 2716 tempore
447 2663 462 2696 a
475 2643 623 2698 Cassandro
636 2663 688 2697 una
701 2663 762 2696 cum
778 2656 862 2696 matre
873 2643 1028 2697 interfectus
1038 2657 1128 2709 est3et

57 2725 195 2798 aliqunto
207 2737 268 2777 ante
276 2725 403 2778 Hmcnles
415 2724 535 2776 Barsines
545 2723 615 2776 filius
625 2724 658 2775 ab
670 2720 764 2776 eodem
776 2723 950 2795 iuteremptus
960 2735 1023 2776 erat.
1033 2721 1128 2776 Statira

56 2822 92 2858 ex
107 2803 258 2858 Alexandro
270 2822 408 2875 nunquam
420 2820 557 2875 pregnans
572 2802 631 2856 fuit.
642 2803 731 2867 Quare
745 2800 877 2854 orodonas
893 2801 962 2856 tueri
972 2819 1126 2875 possumus,

56 2884 108 2955 qui
124 2882 188 2938 dicit
208 2882 388 2937 Alexandrum
403 2884 458 2935 sine
476 2882 567 2935 liberis
585 2880 732 2935 decessisse.
755 2882 856 2935 Contra
870 2881 982 2944 Pmbus,
1004 2893 1032 2934 et
1046 2882 1068 2934 si
1082 2882 1128 2953 qui

57 2964 104 3016 alii
126 2961 309 3028 tradiderunt,
329 2959 480 3016 Alexandro
494 2961 574 3015 luisse
592 2960 661 3015 lilios
675 2961 847 3032 superstites,
859 2979 922 3014 vere
936 2959 1030 3014 dixisse
1043 2958 1127 3014 videri

56 3054 180 3113 possunt
195 3043 264 3096 Nam
280 3055 306 3096 et
321 3044 429 3095 lloxane
442 3044 512 3115 justa
526 3058 595 3095 uxor
608 3041 726 3113 peperit,
747 3052 774 3092 et
788 3040 913 3104 Barsine,
928 3058 984 3093 non
1003 3039 1127 3112 ignobilis

56 3122 171 3190 malim,
184 3122 304 3194 φιιιιιιίι
312 3124 382 3192 justa
394 3138 463 3185 uxor
474 3139 529 3174 non
542 3132 622 3185 esset,
633 3120 718 3173 multo
729 3131 805 3185 ante,
820 3138 900 3191 quam
913 3118 1059 3173 Alexander
1069 3136 1127 3172 ιο·

56 3213 177 3268 reremr,
187 3201 330 3255 Herculem
344 3202 419 3255 illum
433 3199 560 3255 ediderat.
567 3198 648 3267 Quod
658 3202 678 3253 si
687 3200 745 3271 quis
755 3198 824 3252 dicat
831 3239 838 3263 ,
846 3217 907 3252 eum
919 3199 1004 3252 solum
1015 3200 1128 3253 Alexsu·

57 3279 104 3335 dri
119 3280 203 3335 lilium
217 3282 297 3335 luisse
310 3279 469 3347 dicendum,
488 3281 535 3352 qui
547 3280 641 3333 mortis
659 3293 779 3351 tempore
790 3289 867 3332 natus
881 3290 963 3344 esset;
983 3296 1019 3332 ne
1030 3279 1059 3330 in
1076 3277 1128 3331 hoc

57 3358 171 3433 quidem
185 3361 280 3413 Probus
293 3359 423 3414 mendacii
437 3358 585 3432 argnendus
592 3371 650 3421 est,
666 3355 740 3431 quod
752 3376 865 3412 numero
880 3357 1059 3412 multitudinis
1071 3368 1130 3412 uta·

57 3453 114 3494 tur.
137 3440 205 3493 llam
236 3441 361 3493 liberorum
382 3440 558 3512 appellatione
581 3438 652 3493 filius
670 3457 740 3491 unus
757 3438 916 3492 continetur.
937 3438 1128 3492 Verumtamen

55 3538 117 3574 non
129 3536 214 3573 mrum
230 3521 310 3574 luisse
325 3518 468 3573 Alexandri
483 3520 567 3573 lilium
580 3530 642 3591 post
661 3519 717 3590 ejus
738 3517 856 3582 obitum,
871 3535 902 3569 ex
917 3517 965 3582 iis,
984 3536 1043 3590 quar
1058 3518 1128 3573 inira

55 3600 240 3673 proferemus,
250 3600 397 3671 intelligere
410 3599 509 3653 licebit.
519 3600 560 3652 De
570 3599 695 3651 uxoribus
706 3612 794 3651 autem
804 3594 947 3650 Alexandri
959 3616 1054 3670 magna
1065 3616 1129 3652 cou-

56 3681 187 3733 troversia
202 3692 249 3733 est.
265 3680 305 3733 Ex
319 3679 441 3740 Arriano,
458 3679 560 3741 liber,
575 3676 682 3749 quidem
695 3678 841 3749 intelligere
855 3677 918 3730 licet
931 3716 938 3742 ,
949 3678 1129 3732 Alexandrum

55 3770 114 3813 tres
127 3777 182 3812 uuo
195 3771 314 3830 tempore
328 3758 457 3812 habuisse.
466 3758 604 3811 Lambinus.
621 3755 701 3823 Quod
715 3770 803 3811 autem
813 3756 939 3809 liberemur
952 3757 1128 3831 appellatione

54 3851 84 3893 et
96 3857 168 3893 nnus
183 3839 253 3893 lilius
272 3838 453 3910 significetur,
468 3849 599 3890 testantur
615 3837 690 3907 Cujus
704 3838 734 3891 l..
751 3838 809 3892 Non
823 3840 922 3889 estsine
937 3838 1038 3896 liberis,
1054 3847 1081 3887 et
1095 3834 1126 3884 L.

54 3918 304 3992 Namquen.1).de
316 3919 349 3972 V.
362 3918 384 3973 S
389 3938 399 3980 ;
413 3917 522 3979 Gellius,
535 3934 575 3983 ιι,
589 3917 638 3982 ι3;
649 3916 743 3971 Seruitus
757 3916 790 3970 ad
803 3915 872 3970 illud
887 3917 989 3987 Virgilii
998 3915 1063 3968 AEn.
1075 3930 1128 3976 xo,

57 3996 153 4055 Gnatis
161 4019 234 4069 parce
248 4002 308 4061 tuis,
325 4009 352 4050 et
362 3999 528 4069 Augustinus,
544 4013 606 4061 ιιι,
617 3997 702 4062 dode
716 3996 768 4051 Cis.
784 3997 842 4049 Dei.
855 3995 967 4065 Magius.
982 3989 1058 4047 Adde
1066 3989 1126 4046 Iud.
