2706 4770
169 323 243 399 336
320 293 559 394 somnis
586 322 744 401 naun.
772 318 1071 392 sonnacii.

165 457 243 511 bonis
254 456 360 509 musicis
377 452 489 525 perinde
509 465 540 506 ut
553 453 714 523 pictoribus,
733 452 795 522 qnia
816 450 945 505 dedecere
960 452 1090 523 putalrmt
1102 451 1143 504 hu
1154 462 1201 504 nte

167 538 238 590 viros
251 535 361 589 nobiles.
382 534 443 598 Quo
462 534 550 585 rninns
565 544 622 585 erat
636 532 687 584 arti
702 531 828 596 honoria,
849 550 881 583 eo
894 533 1000 584 minora
1018 529 1105 585 studia
1115 531 1203 583 luem

166 667 169 672 ,
206 619 240 668 V.
262 615 338 667 pref.
352 609 377 675 S.
399 631 437 682 7:
465 612 638 685 Gynoeconitr's.
665 609 818 681 Respondet
840 610 896 663 hau
916 630 968 663 vox
988 611 1030 674 ei,
1045 610 1206 682 qnam'l'mne

167 696 263 766 aliique
282 693 349 745 Asiae
372 692 464 763 populi
488 702 631 761 usurpant,
653 691 762 750 Horam,
784 690 835 743 nisi
858 689 931 760 quod
953 690 1076 742 moribus
1093 687 1211 771 dinem·

166 774 265 828 Graecis
278 772 348 825 euim
362 789 441 823 unam
461 783 563 823 tantum
578 787 689 822 uxorem
705 768 802 823 ducere
817 769 855 822 fas
869 782 939 832 erat,
962 788 1048 840 quum
1072 766 1208 832 Mahoued,

165 872 196 907 ex
208 853 314 922 antiqua
328 852 447 922 gentium
466 850 640 902 Asiaticarum
653 847 863 914 consuetudine,
878 850 982 901 asseclis
1000 850 1055 902 suis
1070 849 1153 919 plnres
1166 866 1208 919 par

166 933 279 997 miserit,
300 950 352 1002 qua
367 930 473 982 licentia
488 928 597 981 ditiores
609 926 697 981 adhuc
712 926 848 981 interdum
866 940 989 982 utuntur.
1011 929 1130 980 Homerus
1140 939 1208 981 aneu

166 1024 217 1081 est,
233 1013 288 1082 jam
304 1010 369 1061 olim
387 1009 498 1061 feminas
510 1021 659 1080 separatum
675 1026 689 1058 a
705 1007 770 1072 viris
789 1006 953 1060 domicilium
976 1026 1127 1080 occupasse.
1150 1007 1208 1060 ltn-

165 1103 229 1143 strat
246 1089 274 1142 id
292 1089 440 1159 exemplum
456 1088 619 1159 Penelopes,
632 1085 757 1158 Odyssea
774 1087 844 1139 libro
859 1088 883 1141 1.
903 1087 1046 1155 Servatum
1064 1087 1141 1141 tuine
1152 1103 1208 1138 enat·

165 1169 226 1223 dem
248 1168 403 1221 Graecorum
430 1186 531 1219 morem
555 1166 672 1220 Cornelii
697 1167 777 1219 etiam
797 1177 887 1232 astate,
919 1166 1075 1220 luculentus
1096 1166 1160 1220 testis
1179 1175 1208 1217 eat

167 1251 299 1300 Vitruvius.
315 1249 341 1300 Is
355 1248 443 1310 enim,
457 1244 490 1298 de
501 1247 700 1308 Architectura,
711 1246 729 1298 l.
738 1246 794 1311 vl,
805 1265 828 1299 c.
840 1263 891 1310 to,
901 1243 977 1316 quod
987 1247 1140 1300 inscribitm
1150 1244 1209 1298 :·llt

170 1354 181 1375 ι
192 1327 347 1381 Graecorum
362 1324 536 1378 aedificiorum
551 1344 697 1396 eorumque
710 1325 828 1396 partium
847 1323 1042 1397 dispositione,
1064 1340 1138 1398 atque
1150 1323 1208 1377 diffi-

170 1434 181 1454 ι
191 1407 312 1460 rentibus
321 1406 485 1469 nominibus,
495 1405 556 1456 satis
565 1406 598 1456 ab
606 1404 704 1457 Italicis
715 1404 834 1457 moribus
844 1417 871 1456 et
881 1406 973 1457 usibus
983 1404 1204 1478 discrepantibu-

165 1505 220 1538 non
234 1486 321 1538 solnm
337 1485 499 1537 mentionem
513 1485 576 1536 lacit
591 1478 808 1554 gynaconitidis,
827 1482 965 1537 sedetiam
982 1483 1081 1550 docet,
1100 1479 1205 1557 quondo

169 1562 295 1618 aedificata
308 1576 334 1617 et
353 1565 481 1616 instructa
499 1582 554 1616 esse
568 1564 658 1616 soleat.
688 1589 699 1610 ι
708 1563 741 1615 In
753 1563 794 1615 his
811 1563 875 1617 locis
889 1564 1023 1617 introrsus
1036 1565 1204 1618 oomtinmtn

169 1645 237 1697 ·oeci
251 1643 355 1714 magni,
371 1644 398 1694 in
414 1643 511 1715 quihus
530 1643 785 1707 matresfamiliarum
801 1661 862 1694 cum
879 1642 1004 1695 lanificiis
1023 1643 1123 1697 habent
1138 1641 1204 1696 atain·

169 1749 180 1770 ι
192 1743 306 1776 nes.......
328 1721 390 1775 Huc
403 1741 465 1793 pars
479 1720 583 1774 edificii
595 1725 752 1795 gyrsoeconitis
764 1723 919 1793 appellatur.
939 1748 949 1768 ν
976 1722 1132 1794 Opponitur
1144 1737 1206 1794 0¹*

165 1800 276 1855 conitidi
289 1802 383 1852 andron
403 1819 449 1853 seu
471 1802 619 1862 «immrito,
641 1801 675 1854 de
694 1819 746 1873 qua
762 1801 901 1854 Vitruvius
917 1801 936 1852 l.
952 1820 1002 1854 c.:
1034 1829 1045 1849 ι
1056 1802 1141 1855 Greci
1154 1799 1206 1854 enin

168 1883 309 1932 -erndmnas
331 1881 567 1952 appellantem,
587 1882 634 1934 ubi
654 1880 775 1934 convivia
795 1880 880 1933 virilia
901 1881 991 1934 solent
1018 1901 1093 1947 esse,
1108 1879 1170 1955 qnod
1183 1896 1206 1931 ea

167 1987 178 2007 ι
190 1960 312 2014 mulieres
320 1979 375 2013 non
389 1958 522 2014 accedant
534 1987 544 2006 ·
568 1960 668 2013 Scitum
683 1960 734 2013 fuit
745 1959 868 2030 Diogenis
875 1961 971 2031 Cynici
983 1959 1019 2014 de
1032 1975 1142 2034 utraque
1152 1970 1206 2034 pult

164 2038 260 2093 adium
276 2038 394 2105 dictum,
409 2039 481 2112 quod
498 2041 578 2092 refert
592 2042 722 2111 Diogenes
735 2039 863 2092 Laertius.
884 2041 977 2105 Quum
989 2042 1065 2094 enim
1078 2061 1109 2095 ex
1122 2041 1206 2109 eo,la·

162 2118 313 2172 cedemone
333 2120 449 2172 Athenas
470 2120 616 2183 veniente,
644 2130 774 2191 quareret
794 2119 908 2188 aliquis,
929 2117 1005 2172 unde
1032 2123 1149 2187 reniret,
1165 2135 1205 2192 qv

164 2197 303 2250 tenderet?
316 2197 470 2269 respondit:
484 2199 524 2250 Ex
539 2197 710 2251 andronitide
725 2199 753 2251 in
769 2198 953 2268 gynaconitin.

202 2277 252 2328 vl.
266 2276 379 2329 Miltiad.
395 2277 484 2342 v1‚3,
498 2269 659 2329 memoratur
672 2279 778 2339 Poecile,
793 2278 910 2348 porticus
924 2296 970 2330 seu
986 2292 1044 2334 stoa
1054 2280 1206 2338 Athonem,

163 2356 191 2406 in
203 2373 255 2424 qna
269 2373 357 2425 pugna
370 2353 473 2425 depicta
486 2368 525 2407 est
535 2355 714 2422 Marathonia,
728 2358 764 2410 ita
776 2368 806 2409 ut
818 2357 846 2409 in
856 2355 948 2409 decem
958 2371 1110 2428 pratorum
1120 2372 1206 2411 naum

162 2434 248 2506 prima
267 2433 393 2487 Miltiadis
408 2435 495 2504 imago
508 2448 664 2506 poneretur,
679 2436 754 2507 isque
768 2436 919 2488 hortaretur
939 2437 1042 2491 milites
1060 2437 1205 2510 praliuss

161 2512 347 2566 committeret.
367 2509 412 2565 Ad
425 2512 610 2566 illustrandum
624 2515 696 2568 hune
713 2516 801 2569 locutu
817 2516 884 2568 nihil
897 2528 986 2587 potest
999 2536 1057 2570 esse
1073 2514 1204 2575 tuentur·

161 2593 250 2646 verbis
262 2593 294 2645 iis
304 2632 311 2656 ,
327 2593 424 2664 quibus
439 2612 501 2646 usus
517 2604 555 2645 eat
567 2594 696 2647 AEselriues
706 2595 734 2647 iu
746 2595 864 2649 oratione
876 2594 1006 2648 adversus
1018 2596 1202 2669 Ctesiphonta

110 2705 112 2708 ·
162 2673 230 2726 Utar
248 2673 367 2725 versione
383 2672 525 2725 Lambini:
555 2671 656 2726 elidite
674 2674 755 2745 igitur
775 2675 868 2729 animis
883 2673 917 2727 ad
935 2677 1078 2746 porticum
1092 2668 1202 2729 Poeeilu!

164 2752 304 2804 «omnium
320 2752 392 2804 enim
410 2771 499 2805 rerum
513 2753 697 2822 praeclararum
716 2767 804 2806 extant
820 2755 894 2806 robis
912 2755 940 2806 in
963 2755 1027 2808 foro
1049 2764 1201 2808 monumenta·

164 2857 175 2877 ι
184 2829 256 2896 Quid
271 2832 350 2901 igitur
362 2845 413 2894 est,
427 2832 611 2896 Athenienses,
624 2831 696 2903 quod
708 2851 757 2905 ego
772 2832 854 2886 dico?
867 2833 923 2901 llic
948 2834 1122 2888 Marathonia
1138 2847 1201 2906 μμ

164 2908 291 2981 udepicta
313 2923 360 2963 est.
381 2910 448 2974 Quis
469 2923 525 2963 erat
545 2912 706 2982 imperatori
723 2944 763 2957 -
787 2913 926 2966 Neminem
949 2933 1017 2968 sane
1038 2927 1151 2969 veatrtua
1164 2926 1200 2965 eat

163 3015 175 3036 ι
185 3001 268 3059 puto,
289 2989 335 3060 qui
352 3008 408 3041 non
427 2989 462 3042 ita
478 3003 583 3061 rogatus
606 2990 782 3063 respondeat:
800 2991 942 3046 Miltiades.
963 2995 1002 3047 At
1020 2994 1078 3049 illic
1099 3006 1200 3064 111an

163 3092 174 3114 ι
184 3071 240 3138 ejus
256 3087 353 3121 nornen
369 3068 526 3139 inscriptum
538 3082 584 3123 est.
593 3102 634 3115 --
645 3069 717 3136 Quid
733 3071 787 3124 ita?
804 3091 859 3124 non
871 3073 948 3142 petiit
960 3072 1016 3127 hoc
1024 3069 1197 3147 praminml·

162 3173 173 3193 ι
185 3146 265 3200 Petiit
279 3146 406 3217 quidem,
418 3147 465 3200 sed
475 3150 589 3220 populns
602 3169 657 3202 non
670 3149 757 3216 dedit3
775 3169 868 3204 verum
882 3151 906 3202 ei
924 3171 976 3223 pro
996 3154 1113 3207 nominis
1132 3146 1199 3205 inni·

162 3252 173 3271 ι
182 3227 274 3296 ptione
292 3228 434 3291 noncessit,
450 3241 479 3280 ut
493 3229 594 3299 primus
607 3230 703 3283 milites
715 3231 856 3283 cohortans
872 3231 1038 3302 pingeretur.
1051 3259 1063 3279 ·

198 3304 272 3358 Patet
287 3324 319 3356 ex
336 3305 376 3357 his
393 3307 506 3359 oratoria
520 3308 623 3375 verbis,
641 3321 671 3362 nt
691 3323 718 3362 et
733 3328 748 3362 e
762 3310 899 3382 scriptoria
912 3309 1037 3364 historici
1060 3309 1195 3364 mmusat·

159 3399 219 3433 mox
235 3396 294 3452 post
313 3402 429 3455 pugnam
445 3385 656 3451 Marathoniam,
686 3387 806 3442 Miltiade
832 3387 920 3442 adhuc
941 3390 1051 3444 vivente
1077 3403 1104 3444 et
1123 3389 1194 3443 tiano.

158 3460 273 3512 tabulam
295 3462 436 3519 luncesse
461 3465 616 3519 consectam.
648 3468 741 3538 Itaque
756 3465 789 3520 ad
806 3470 945 3539 preamium
960 3469 1080 3523 Miltiadi
1094 3469 1193 3523 eibi·

145 3556 212 3591 onon
227 3540 342 3608 pertinet
361 3541 405 3606 id,
418 3543 490 3614 quod
508 3545 603 3596 Plinius
621 3547 718 3611 refert,
736 3545 804 3600 Hist.
823 3547 882 3600 Nat.
900 3549 1019 3611 XXXV,
1042 3553 1074 3616 8,
1103 3544 1193 3619 prii·

156 3617 352 3672 Marathoniam
364 3640 378 3672 a
390 3623 520 3686 Pauano,
530 3623 610 3676 fratre
622 3623 741 3690 Phidias,
751 3644 806 3678 esse
818 3627 934 3697 pictum,
950 3647 1000 3681 nec
1007 3627 1082 3698 quod
1090 3628 1191 3681 [ΕΜ

156 3696 202 3769 qni
217 3696 365 3765 Polygnoto
379 3701 476 3753 celebri
489 3701 633 3756 admodum
646 3705 744 3775 pictori
757 3704 873 3775 ejusdem
883 3708 988 3776 generis
1001 3725 1071 3778 opus
1081 3708 1109 3760 in
1118 3697 1190 3757 paule

158 3775 264 3838 tribuit;
283 3775 310 3826 hi
327 3777 397 3829 enim
411 3778 466 3830 duo
483 3781 572 3834 multis
585 3796 645 3853 post
658 3803 773 3855 pugnam
790 3784 984 3838 Marathoniam
1004 3788 1080 3839 annis
1094 3772 1188 3857 pingendi

156 3867 212 3907 arte
227 3854 415 3908 inclaruerunt.
437 3859 598 3914 Renovatam
617 3864 707 3934 potins
727 3877 787 3935 post
799 3865 948 3917 combustas
964 3884 978 3918 a
994 3865 1082 3918 Xerxe
1093 3863 1187 3916 Athea&

157 3951 201 3985 sen
218 3933 295 3987 etiam
312 3936 450 4006 repetitam
467 3937 509 3991 his
525 3939 672 4010 pictoribus
689 3960 784 4014 pugna
802 3943 977 3997 Muathonia
1000 3945 1112 4000 tabulam
1124 3932 1182 3993 aas
