2706 4770
151 362 211 410 tvi
512 336 845 406 TESTIMONIA

148 467 286 540 ridicula
304 466 476 563 leguntur,
493 469 584 562 quis,
597 470 659 537 nisi
677 491 787 537 crasso
805 481 839 535 et
859 466 974 561 pingui
986 465 1109 560 judicio
1123 493 1212 564 prte-

148 576 254 662 ditus,
272 575 313 643 ab
333 573 573 670 elegantissimo
592 577 721 670 Nepote
741 587 808 642 tam
828 572 994 641 incondite
1016 599 1211 648 conversam

149 680 286 752 credat?
315 681 515 770 Quinctio
537 683 613 775 ipsis
638 680 851 767 auctoribus,
877 703 1019 767 vereor,
1044 705 1087 750 ne
1108 681 1212 752 dubia

148 788 320 883 quedam,
338 813 398 857 nec
417 811 435 854 a
452 789 584 882 Nepote
605 786 773 880 profecta,
799 800 974 855 occurrant
994 812 1010 853 ε7
1025 801 1064 854 ut
1080 812 1157 881 quae
1176 790 1212 858 in

150 897 319 966 Ciceronis
338 895 489 990 epistolis
510 892 561 962 ad
577 896 731 963 Attzcum
752 917 821 961 non
842 892 883 960 de
903 891 1059 960 Cornelio
1073 908 1212 984 nostro,

148 1000 206 1068 sed
226 999 368 1069 fortasse
381 1000 422 1069 de
440 1000 580 1079 Metello
601 1003 738 1095 Nepote
758 997 863 1067 aliove
883 996 946 1092 legi
968 997 1160 1087 docuimus,
1178 1014 1213 1070 et

147 1104 237 1174 illam
263 1107 344 1175 mihi
366 1108 531 1200 ἐπιγραφὴν
558 1121 745 1200 suspectam
765 1104 868 1173 videri
885 1104 973 1199 apud
990 1106 1212 1194 Suetonium,

150 1212 245 1302 Quid
269 1212 418 1305 dzffirat
442 1212 610 1280 litteratus
638 1210 685 1282 ab
712 1211 867 1296 emdit03
889 1223 922 1277 et
948 1208 1002 1277 illa
1023 1211 1212 1303 Iomandt'r

148 1318 287 1387 Gotbt'ct'
307 1318 348 1386 de
370 1319 537 1387 Britannia
563 1319 710 1412 suspicor
739 1321 852 1385 Taciti
872 1316 981 1409 potius
1000 1340 1089 1403 esse,
1107 1341 1210 1410 quam

148 1426 309 1521 Nepotis,
330 1449 370 1493 ex
383 1426 421 1491 iis
440 1422 545 1509 libris,
564 1426 620 1518 qui
638 1438 671 1492 et
689 1424 750 1517 ipsi
765 1445 919 1516 magnam
939 1435 1067 1515 partem
1085 1422 1211 1493 damno

147 1530 280 1624 publico
304 1528 550 1598 interciderunt.
568 1530 651 1598 Ach.
677 1543 788 1598 tamen
809 1529 951 1614 Statius,
977 1543 1154 1597 comment
1176 1531 1211 1598 in

147 1636 332 1718 Catullum,
349 1636 472 1727 Nepoti
493 1635 601 1719 dedit;
613 1637 691 1728 quin
708 1649 742 1703 et
761 1637 859 1706 Corn.
871 1633 1041 1702 Labeoms
1056 1634 1211 1728 quaedam

148 1741 235 1834 apud
268 1739 493 1826 Macrobium,
514 1738 568 1808 lib.
590 1743 607 1807 I
627 1743 783 1827 Saturn,
808 1739 913 1808 eidem
936 1739 1119 1834 adscripsit.
1145 1740 1213 1810 Sed

147 1855 250 1912 ταῦτα
264 1845 335 1912 θεῶν
350 1848 379 1911 ἐν
400 1847 524 1939 γούνασι
545 1853 653 1912 κεῖται.
673 1846 744 1914 Nos
758 1844 799 1912 de
817 1846 855 1914 iis
873 1843 1049 1938 aliquando
1069 1844 1213 1919 inlibris

149 1944 404 2046 ψευδεπιγραφίας
423 1949 527 2046 plura.

594 2058 762 2144 IDEM,

263 2241 328 2288 mn
359 2241 401 2286 111
432 2239 640 2287 onsnnvirr.
669 2238 925 2304 unumunurn,
952 2239 1029 2287 cae.
1057 2214 1089 2287 3.

198 2391 266 2480 Qui
285 2389 414 2460 AEmilio
431 2391 540 2460 Probo
554 2389 655 2486 vulgo
673 2392 830 2461 tribuitur
847 2391 888 2460 de
905 2391 1002 2461 rebus
1022 2405 1056 2460 et
1067 2392 1135 2460 vita
1153 2416 1214 2463 ex·

148 2495 334 2567 cellentium
354 2499 457 2592 impp.
479 2499 614 2567 Graeciae
636 2495 767 2591 elegans
783 2496 925 2584 libellus,
937 2499 964 2566 is
984 2522 1060 2566 meo
1076 2497 1213 2593 quidem

147 2628 246 2674 sensu
269 2628 444 2698 germanus
469 2607 566 2674 Corn.
589 2606 736 2700 Nepotis
759 2604 802 2672 ad
822 2606 989 2693 Atticum,
1017 2605 1071 2675 cui
1091 2596 1215 2676 inscri-

147 2710 254 2801 bitur,
271 2725 384 2806 partus
399 2724 457 2778 est.

455 2844 904 2975 asserturum&

189 3069 227 3116 IN
254 3069 562 3117 COMMENTATIONE
590 3069 635 3115 DE
663 3069 742 3115 Lar.
770 3070 923 3133 uncus,
952 3071 995 3116 ET
1021 3070 1172 3118 LATINIS

547 3174 808 3223 SCRIPTORIBUS.

197 3324 292 3393 Vitas
303 3322 477 3393 illustrium
493 3328 629 3395 Graeciae
644 3328 848 3421 principum,
863 3351 944 3420 quas
955 3324 1085 3396 AEmilio
1097 3327 1211 3399 Probo

148 3424 223 3515 alii,
242 3428 295 3497 alii
313 3433 413 3500 Corn.
436 3433 558 3524 Nepoti
579 3431 785 3517 adscribunt,
805 3431 907 3502 libens
925 3434 1003 3504 huic
1020 3435 1107 3504 aetati
1127 3427 1211 3521 (se-

147 3534 269 3604 cundae
292 3560 338 3604 sc.
365 3559 436 3631 qua
469 3538 607 3624 Cicero,
638 3538 777 3624 Coerar,
807 3541 937 3624 Lr'rius,
967 3556 1028 3610 etc.
1056 3532 1212 3630 vicere)

147 3639 311 3709 tribuam:
326 3657 401 3710 sunt
420 3643 506 3710 enim
526 3644 603 3712 sotis
620 3642 722 3710 nitide
739 3658 773 3712 et
788 3645 904 3714 Latine
923 3646 1124 3740 conscriptae.
1141 3645 1212 3714 Sed

147 3745 188 3816 de
211 3745 249 3815 iis
271 3744 369 3839 longa
388 3746 564 3841 disputatio
588 3762 646 3816 est.
671 3750 749 3818 Vita
776 3754 890 3845 Pomp.
920 3753 1038 3839 Attici,
1062 3776 1081 3820 a
1103 3752 1210 3819 Corn.

146 3855 276 3950 Nepote
291 3875 367 3920 vere
389 3868 537 3940 exarata,
554 3853 707 3924 omnibus
725 3856 767 3925 ad
788 3855 880 3928 illum
899 3859 1068 3930 Ciceronis
1085 3858 1211 3950 episto-

149 3956 187 4029 Iis
202 3960 329 4054 adjecta
349 3973 407 4028 est.
