2768 5198
195 821 199 827 ·
240 790 287 862 58
507 791 772 858 GORNELII
800 790 1032 859 NEPOTIS

237 949 336 993 cursu
344 923 519 992 maximam
527 923 594 990 vim
604 924 791 1017 prostravit.
801 923 878 1010 Qua
886 923 1025 990 victoria
1035 907 1173 1016 magna⁶
1187 925 1301 1017 prada

237 1033 380 1124 potitus,
401 1054 502 1123 quum
522 1028 657 1097 domum
679 1043 916 1115 reverteretur,
935 1027 1026 1122 quod
1045 1029 1113 1120 jam
1132 1029 1299 1099 nonnullae

165 1186 169 1193 .
237 1134 366 1223 insulae,
385 1149 521 1230 propter
529 1135 741 1204 acerbitatem
755 1137 900 1230 imperii,
915 1135 1120 1221 defecerant,
1133 1135 1218 1204 hene
1227 1139 1297 1204 ani-

235 1255 340 1310 matas
364 1242 594 1328 confirmavit,
619 1240 774 1310 alienatas
804 1241 846 1309 ad
877 1239 1023 1310 officium
1047 1240 1154 1309 redire
1177 1245 1297 1337 coegit.

236 1350 400 1441 Scyrum,
421 1372 521 1443 quam
543 1372 583 1416 eo
605 1361 755 1442 tempore
779 1347 926 1442 Dolopes
951 1345 1180 1435 incolebant⁷,
1207 1349 1298 1443 quod

235 1455 464 1523 contumacius
490 1479 525 1523 se
553 1468 746 1548 gesserant,
772 1454 978 1540 vacuefecit,
1002 1477 1143 1522 sessores
1168 1469 1298 1523 veteres

234 1560 318 1628 urbe
332 1559 501 1654 insulaque
517 1563 626 1654 ejecit,
645 1584 742 1654 agros
753 1561 880 1628 civibus
893 1559 1010 1628 divisit.
1035 1545 1199 1645 Thasios⁸,
1213 1586 1297 1656 opu·

235 1663 336 1734 lentia
362 1667 484 1753 fretos,
508 1692 568 1736 suo
596 1666 742 1735 adventu
762 1667 869 1761 fregit.
896 1667 956 1734 His
981 1691 1022 1735 ex
1046 1666 1211 1734 manubiis
1238 1690 1296 1735 arx

234 1772 457 1860 Athenarum,
478 1798 544 1867 qua
564 1774 606 1841 ad
626 1772 795 1841 meridiem
813 1774 937 1866 vergit,
958 1786 1008 1840 est
1026 1787 1144 1840 omata
1152 1771 1174 1837 ⁹.

234 2000 395 2053 securosque
401 1983 540 2053 oppressit.
548 1983 588 2034 Ita
594 1981 743 2050 Diodorus,
784 1979 957 2051 relinquenda
970 1999 1081 2052 quasque
1093 1980 1153 2033 loca
1166 1980 1292 2034 videban-

233 2062 287 2125 xl,
303 2066 352 2126 60;
364 2062 518 2130 Polyaenus,
536 2061 562 2125 1,
574 2061 609 2122 34
622 2098 630 2125 ,
644 2062 740 2113 1.Tzs.
785 2073 844 2124 tnr,
854 2058 1036 2114 sdlibidinem
1045 2077 1119 2112 suam
1127 2061 1258 2114 translest.
1277 2087 1287 2107 ·

232 2138 309 2192 Adde
318 2141 473 2191 Frontin.et
483 2140 647 2203 Pausaniam,
658 2141 740 2203 VIII,
784 2138 865 2211 Apud
882 2139 988 2192 Grooos
1006 2139 1050 2191 hic
1068 2140 1180 2210 ponitur
1198 2135 1291 2211 &adpa-

235 2220 280 2272 52.
308 2218 382 2271 Nihil
407 2216 441 2269 de
462 2217 514 2270 hoc
540 2231 645 2288 strateg.
668 2219 738 2272 Plus.
783 2214 1292 2281 aeclesiasticum,stadam-Ses-

273 2302 300 2351 6.
328 2298 423 2367 Magna
441 2298 536 2366 preda.
563 2298 684 2368 Nempe,
710 2310 740 2350 ut
783 2318 846 2348 sores
866 2311 965 2350 ueteres.
986 2299 1096 2350 Veteres
1111 2297 1218 2352 incolas.
1237 2299 1293 2352 Ses-

233 2376 367 2430 Diodorus
378 2378 431 2441 sit,
444 2377 595 2430 triremibus
608 2376 739 2442 CCCXL,
782 2396 846 2428 som
863 2389 950 2429 autern
965 2395 1017 2429 vox
1031 2378 1232 2440 memorabilis,
1247 2377 1292 2432 sed

232 2457 352 2510 virorum
366 2457 418 2509 XX
434 2457 563 2522 millibus,
583 2469 609 2509 et
627 2457 739 2527 pecnnia
783 2468 870 2508 umen
886 2475 918 2508 ex
934 2457 1096 2527 cognationis
1116 2455 1293 2510 similitudine

233 2538 359 2590 immensa
368 2538 476 2608 potitus.
488 2538 602 2590 -Bene
612 2540 738 2588 arinates.
782 2534 865 2600 dicta,
878 2555 929 2607 qna
944 2533 1046 2593 sedere,
1059 2534 1145 2599 sedes,
1157 2534 1192 2588 de
1202 2534 1292 2588 domi-

232 2616 264 2668 In
277 2617 404 2687 obsequio
417 2630 551 2668 manentes
564 2636 571 2668 :
584 2617 681 2687 quibus
693 2635 739 2687 op·
782 2616 849 2667 ciliis
858 2635 904 2668 seu
917 2615 1123 2668 habitationibus
1136 2627 1291 2685 usurpatur.

232 2697 309 2765 ponit
322 2697 447 2747 arenata.
782 2681 1290 2766 r22.s1iireg.pauss0m.sotoena

273 2793 299 2844 7.
316 2774 429 2843 Scyrum,
444 2794 514 2845 quam
530 2794 557 2824 eo
571 2787 672 2844 tempore
684 2775 737 2825 Do·
781 2774 854 2845 lopes
868 2773 930 2827 inde
943 2777 1039 2844 ejectos
1051 2784 1140 2826 narrat
1152 2773 1290 2827 Plutarch.

232 2853 295 2923 iopes
315 2854 454 2909 molebant
487 2852 519 2907 Id
544 2865 602 2918 est,
627 2854 738 2923 Scyrum
781 2885 822 2895 -
835 2853 918 2923 Agros
930 2854 1018 2905 civibus
1029 2854 1117 2906 divisit.
1130 2852 1191 2906 seit.
1207 2854 1290 2906 Athe·

231 2932 344 2985 insulam
368 2952 383 2986 a
405 2934 558 3004 Dolopibns·
574 2934 648 3004 qui,
673 2945 738 2985 teste
781 2933 925 2985 niensibus.
957 2931 1028 2985 Vide
1053 2932 1133 2986 Diod.
1156 2933 1217 2997 XI,
1240 2937 1289 2986 6ο.

231 3012 388 3078 Plutarcho,
408 3013 545 3086 piraticam
566 3025 649 3065 artem
664 3031 737 3064 exer·
822 3016 847 3067 8.
859 3013 1030 3078 TitarionQui
1041 3014 1074 3065 sb
1084 3012 1290 3066 Atheniensibus

230 3093 501 3163 cebant,occupatam
507 3093 658 3145 vacuefecit.
674 3091 738 3143 Corr-
780 3110 886 3162 quoque
903 3091 1060 3145 deiecerant.
1076 3091 1148 3145 Vide
1163 3090 1287 3163 Thneyd.

231 3177 345 3224 tumachas
358 3186 445 3224 autem
458 3184 625 3242 sogesserunt,
637 3172 738 3243 quippe
780 3183 806 3223 et
817 3172 887 3223 Plut.
901 3173 941 3224 De
951 3172 1055 3224 Thasiis
1067 3189 1147 3235 vero,
1158 3169 1289 3226 Hemdot.

230 3252 276 3321 qui
297 3253 497 3305 Atheniensium
519 3253 660 3323 imperinm
690 3249 736 3304 de·
780 3250 1287 3321 V1,c.46,47,48,etV11,118,

229 3343 379 3385 trectarent.
398 3364 438 3375 -
458 3333 605 3399 Vacusseeit.
616 3332 736 3383 Verbum
783 3330 1103 3399 119;Diodor.Sic.X1,
1117 3330 1289 3401 70·-0p¹s·

229 3411 317 3465 miuus
332 3413 457 3477 obvium,
469 3431 483 3465 a
495 3413 623 3465 Cicerone
632 3424 734 3474 tamen,
779 3411 852 3461 lentio
858 3410 1087 3482 fretos.Superbos
1099 3422 1179 3481 atque
1189 3409 1287 3463 elatos':

228 3489 306 3544 Catil.
320 3493 347 3558 I,
359 3511 386 3562 7,
396 3505 558 3563 usurpatum.
570 3491 642 3544 Inlra
653 3492 682 3544 in
691 3491 737 3544 Ti·
778 3509 841 3542 narn
854 3509 918 3561 opes
932 3491 1049 3542 animm
1063 3487 1189 3542 subdunt.
1201 3489 1288 3542 Tacit.

227 3570 373 3636 moleonte,
384 3573 440 3624 III:
451 3599 462 3619 ι
472 3573 553 3625 Novis
567 3573 638 3624 bello
649 3591 735 3623 vacue
778 3572 810 3623 A.
820 3570 874 3635 vt,
886 3571 932 3634 31,
942 3570 1029 3624 Fratue
1041 3569 1120 3631 bellis,
1130 3586 1182 3640 pro
1193 3569 1287 3624 elatus

222 3651 306 3712 ‚factas
315 3653 489 3720 possessiones
497 3651 595 3704 divisit.
608 3678 619 3699 ι
630 3654 733 3704 Vacne·
779 3650 880 3702 Divites
891 3663 979 3702 antem
991 3661 1065 3701 eram
1070 3649 1161 3700 Thasii
1168 3660 1209 3715 ,et
1219 3666 1289 3701 snar-

227 3730 311 3780 sscere
334 3743 437 3794 autem,
460 3749 544 3801 quum
573 3749 733 3802 possessores
776 3747 867 3792 more,
878 3741 904 3780 et
916 3727 1073 3781 aurifodinis
1083 3728 1112 3780 in
1122 3727 1287 3782 continente.

227 3807 268 3858 vel
281 3809 331 3860 sub
349 3826 446 3861 corona
458 3809 626 3874 venduntur,
647 3810 688 3862 vel
704 3810 732 3860 in
775 3839 816 3850 -
827 3809 1048 3876 Fregitverbnm
1063 3808 1091 3859 in
1105 3805 1223 3860 notanda
1235 3808 1289 3860 cla·

228 3886 289 3938 alias
309 3889 476 3958 trajiciuntur
494 3888 582 3952 sedes,
600 3907 679 3959 poena
694 3901 733 3940 est
775 3885 1287 3957 de,viriumquedebilitatione,elegan·

226 3966 341 4036 antiquis
373 3969 536 4038 temporibus
565 3969 593 4019 in
623 3967 731 4021 rebelles
775 3967 795 4018 ti
817 3966 971 4038 metaphora
987 3968 1190 4037 frequentatum.
1211 3967 1286 4019 Con·

226 4063 256 4097 ac
264 4045 347 4098 victos
356 4048 505 4100 constituta.
514 4049 530 4099 J
532 4046 642 4109 ustinus,
647 4046 728 4107 VIII,
772 4047 862 4115 juncta
875 4047 947 4098 enirn
958 4058 984 4098 et
999 4044 1082 4099 solida
1097 4045 1229 4098 efficacius
1239 4064 1285 4098 ss·

229 4127 261 4188 5,
286 4122 321 4176 de
343 4125 492 4196 Philippo:
518 4154 529 4173 ·
552 4128 680 4178 Reversus
702 4126 730 4178 in
773 4126 837 4179 lent.
853 4127 915 4179 Tse.

226 4223 353 4277 regnum,
369 4217 398 4256 ut
412 4224 507 4276 pecora
525 4218 641 4276 pastores
658 4225 730 4258 nnuc
815 4225 842 4274 9.
865 4208 914 4259 Est
927 4218 1021 4257 ornata.
1031 4203 1102 4256 Vide
1118 4202 1283 4268 Diodorum,

226 4286 254 4336 in
270 4285 412 4348 hibernos,
427 4304 497 4339 nunc
513 4287 541 4337 in
558 4285 664 4337 aestivos
680 4286 729 4338 sal·
774 4287 831 4352 XI,
847 4291 894 4339 61.
909 4286 968 4338 Hoc
980 4283 1052 4337 laudi
1069 4303 1123 4336 non
1141 4284 1222 4336 fuisse
1237 4285 1284 4337 Ci-

226 4378 268 4417 tus
286 4365 419 4436 trajiciunt
434 4384 442 4430 ;
460 4366 497 4418 sic
512 4366 557 4417 ille
574 4365 688 4437 populos
703 4379 730 4418 et
772 4367 846 4418 moni
862 4378 950 4418 censet
967 4367 1042 4418 Plato
1060 4361 1131 4434 apud
1148 4363 1282 4416 Plutarch.

226 4445 319 4513 urbes,
331 4459 360 4500 nt
375 4445 414 4500 illi
426 4447 468 4498 vel
482 4443 609 4518 replenda
622 4440 667 4498 'vel
685 4444 731 4498 de·
773 4445 802 4496 in
813 4443 937 4497 Aristide.
