2768 5198
574 795 811 865 aramus.
1149 796 1224 892 269

158 914 241 988 nibil
261 919 299 987 iis
320 916 455 988 indulsit
469 917 512 987 ad
527 920 707 989 Antonium
726 917 934 1004 violandum3
954 916 1011 986 sed
1024 944 1043 987 e
1056 924 1223 992 contrario

158 1024 336 1094 familiares
357 1024 443 1116 ejus,
471 1050 512 1092 ex
537 1026 619 1094 urbe
641 1025 882 1120 profugientes,
909 1040 1070 1119 quantum
1098 1031 1224 1120 potuit,

158 1132 258 1215 texit,
278 1130 399 1225 quibus
420 1130 518 1200 rebus
538 1131 763 1226 indiguerunt,
780 1131 914 1224 adjuvit.
934 1134 968 1200 P.
987 1132 1220 1202 veroVolum-

160 1222 237 1306 ῐιὶο5
246 1260 285 1306 ea
294 1237 428 1319 tribuit,
447 1252 485 1307 ut
499 1236 623 1333 pluraa
637 1251 773 1332 parente
789 1237 952 1331 proficisci
967 1263 1035 1306 non
1044 1241 1223 1333 potuerint.

158 1344 230 1438 Ipsi
246 1357 362 1441 'autem
381 1346 407 1411 F
408 1341 518 1430 luviae,
533 1368 636 1437 quum
656 1343 769 1413 litibus
788 1342 1015 1431 distineretur,
1032 1347 1224 1440 magnisque

159 1449 344 1517 terroribus
362 1464 554 1532 vexaretur,
571 1463 664 1519 tanta
680 1448 847 1543 diligentia
864 1448 1011 1518 officium
1030 1476 1125 1519 suum
1145 1478 1224 1545 prae

160 1556 265 1641 stitit,
287 1569 325 1623 ut
352 1553 479 1624 nullum
505 1553 559 1623 illa
584 1557 702 1625 stiterit
728 1540 975 1624 vadimonium⁶
999 1558 1068 1624 sine
1090 1559 1224 1644 Attic03

160 1661 218 1730 hic
236 1685 376 1755 sponsor
389 1663 536 1730 omnium
553 1685 664 1730 rerum
682 1662 789 1731 fucrit.
805 1662 896 1748 Quin
914 1662 1032 1748 etiam,
1050 1687 1152 1755 quum
1169 1662 1223 1731 illa

160 1766 303 1835 fundum
326 1767 469 1837 secunda
491 1766 645 1835 fortuna⁷
674 1770 805 1837 emisset
826 1769 859 1834 in
887 1766 996 1853 diem,
1023 1792 1129 1861 neque
1150 1784 1225 1862 post
1263 1824 1266 1829 ,

161 1871 381 1943 calamitatem
393 1897 562 1942 versuram
578 1873 686 1942 facere
697 1875 878 1969 potuisset3
897 1871 949 1941 ille
962 1897 996 1941 se
1009 1874 1225 1967 interposuit,

161 1981 402 2074 pecuniamque
427 1982 496 2048 sine
528 1979 672 2065 foenore,
697 1981 831 2072 sineque
858 1976 925 2046 ulla
957 1978 1166 2072 stipulatione
1194 1982 1224 2048 ei

162 2084 320 2172 credidit;
340 2087 520 2154 maximum
543 2087 729 2154 existimans
751 2100 927 2179 quaestum,
949 2109 1129 2154 memorem
1152 2110 1221 2180 gra·

163 2206 301 2286 tumque
320 2193 494 2285 cognosci,
512 2189 673 2285 simulque
691 2194 836 2286 aperire,
855 2215 889 2258 se
907 2215 974 2258 non
991 2190 1148 2276 fortunae,
1169 2192 1226 2261 sed

164 2297 354 2367 bominibus
367 2296 471 2366 solere
485 2321 554 2365 esso
567 2300 720 2366 amicum.
737 2301 822 2386 Quae
837 2321 939 2389 quum
953 2297 1109 2385 faciebat,
1129 2324 1227 2367 nemo

163 2428 242 2473 eum
266 2405 423 2496 temporis
448 2390 567 2472 causa⁸
596 2404 704 2472 facere
725 2417 855 2498 poterat
872 2405 1066 2471 existimare.
1095 2406 1227 2472 Nemini

163 2511 299 2578 enimin
314 2512 502 2604 opinionem
520 2511 670 2578 veniebat
680 2508 705 2595 ⁹,
716 2510 896 2577 Antonium
906 2534 1017 2576 rerum
1034 2512 1226 2603 potiturum.

163 2613 231 2685 Sed
250 2617 369 2685 sensim
379 2614 403 2639 ¹⁰
417 2618 443 2684 is
462 2640 482 2683 a
497 2614 661 2685 nonnullis
678 2614 894 2710 optimatibus
906 2614 1227 2709 reprehendebatur,

162 2721 256 2816 quod
278 2746 393 2817 parum
414 2723 521 2790 odisse
541 2721 646 2791 malos
667 2723 754 2790 cives
777 2721 953 2789 videretur.
970 2720 1030 2789 Ille
1047 2737 1157 2791 autem
1177 2725 1227 2792 sui

160 2827 293 2921 judicii,
308 2830 416 2923 potius
431 2828 510 2921 quid
528 2852 562 2896 se
581 2829 689 2899 facere
704 2852 765 2923 par
787 2840 888 2913 esset,
907 2828 1111 2914 intuebatur,
1128 2854 1227 2923 quam

166 2933 246 3029 quid
266 2933 319 3002 alii
338 2932 501 3002 laudaturi
516 2932 632 3003 forent.

220 3041 263 3107 X.
285 3042 453 3109 Conversa
475 3041 584 3109 subito
603 3041 736 3109 fortuna
751 3054 808 3107 est
831 3040 878 3107 Ut
897 3042 1060 3108 Antonius
1081 3038 1178 3107 rediit
1195 3043 1228 3107 in

163 3144 319 3233 Italiam,
337 3172 435 3215 nemo
453 3172 519 3214 non
539 3170 660 3240 magno
688 3148 722 3212 in
744 3143 891 3238 periculo
911 3147 1058 3213 Atticum
1081 3145 1228 3213 futurum

165 3264 314 3346 putarat,
328 3267 465 3346 propter
474 3254 620 3321 intimam
636 3250 887 3320 familiaritatem
898 3253 1067 3320 Ciceronis
1079 3265 1113 3320 et
1127 3252 1229 3320 Bruti.

210 3438 237 3490 5.
260 3438 398 3490 Volumnio.
429 3439 455 3489 Is
475 3439 544 3491 inter
567 3436 676 3490 Antonii
720 3436 781 3488 lieet
789 3435 816 3487 in
826 3447 923 3487 certam
932 3432 1123 3489 diem-Sine
1125 3437 1227 3502 sonore,

168 3516 386 3571 familiarissimos
399 3530 472 3579 erat,
486 3518 532 3588 qui
545 3531 570 3570 et
580 3519 677 3570 Eutra·
719 3522 815 3586 sineque
827 3515 877 3565 ralla
892 3515 1053 3584 simulatione.
1084 3514 1116 3567 ld
1125 3528 1176 3580 est,
1190 3534 1230 3568 re·

167 3594 395 3669 pelusdicebatur‚
406 3598 546 3667 praefectus
555 3598 676 3660 fabrum,
720 3608 791 3647 mota
808 3594 882 3646 ornni
893 3613 971 3647 usura
993 3596 1157 3668 solemnique
1169 3614 1230 3669 pro·
1316 3644 1321 3654 ,

168 3674 273 3748 dequo
291 3675 376 3730 Cicer.
395 3677 479 3746 Epist.
499 3676 675 3740 26,lib.1x.
722 3676 857 3727 missione.

169 3754 305 3809 Conteris.
762 3758 788 3809 8.
811 3754 932 3824 Temporis
950 3773 1031 3804 emon.
1054 3752 1091 3805 Ut
1115 3756 1228 3826 tempori

210 3838 237 3888 6.
260 3834 294 3887 Ut
308 3835 399 3887 nulfum
413 3836 455 3886 illa
469 3840 555 3886 stiterit
568 3835 677 3887 oadtmo·
721 3833 875 3897 inserviret,
898 3833 1064 3903 fortunaeque
1080 3834 1182 3887 vicibus
1202 3853 1229 3887 se

168 3918 243 3967 niam
254 3913 290 3967 Ut
303 3933 453 3986 nunquam,
479 3912 590 3967 vadibus
601 3914 677 3980 datis,
722 3910 940 3967 accommodaret.
952 3913 1013 3965 Tzs.

168 3995 348 4065 comparuerit
357 3995 384 4046 in
391 3991 502 4065 judicio.
513 4026 554 4036 —
564 3994 677 4067 Sponsor.
770 4012 796 4063 9.
817 3992 916 4044 Nemini
929 3995 1027 4044 ensinio
1040 3995 1172 4062 opinionem
1185 4013 1229 4044 oe·

168 4073 273 4127 Atticas
287 4073 386 4145 abique
403 4072 484 4127 fldem
505 4092 580 4127 suam
593 4075 679 4127 inter·
722 4073 811 4125 niebot.
848 4071 1021 4124 Ciceroniana
1053 4071 1161 4126 locutio.
1191 4075 1232 4127 Ita

168 4153 268 4225 posuit.
722 4152 840 4223 Pbilipp.
855 4152 897 4216 11,
916 4155 967 4205 16:
987 4149 1061 4216 uQui
1075 4152 1143 4205 istuc
1154 4153 1228 4207 venit

210 4250 237 4303 7.
264 4230 375 4285 &cunda
384 4230 498 4300 fortuna.
523 4232 563 4284 lta
580 4243 680 4285 veteres
725 4231 774 4285 tibi
787 4231 815 4283 in
832 4229 989 4283 mentem?-

168 4308 423 4366 babenteditiones:
436 4330 518 4366 uncos
529 4310 680 4383 igitur,hic
769 4329 812 4363 ro.
838 4308 938 4364 Sensim.
965 4310 1114 4375 Paulatim,
1133 4310 1188 4377 rel,
1207 4310 1228 4363 si

169 4390 251 4463 vulgo
267 4392 420 4463 appositos,
445 4403 561 4445 remotos
585 4391 680 4443 malui·
724 4408 786 4443 eum
794 4388 958 4462 Heusingero
966 4390 1050 4453 malis,
1059 4391 1136 4454 clam,
1144 4388 1229 4444 tacite.

172 4487 241 4524 mus.
263 4502 296 4513 ·-
319 4470 349 4522 fn
366 4472 436 4524 dien.
453 4469 615 4524 Solveudum
630 4470 679 4523 aci·
725 4468 907 4535 Aliter,sensas
919 4470 976 4538 ejus.
986 4469 1127 4539 Sequimur
1138 4467 1181 4522 ed.
1189 4487 1231 4539 pr.
