2768 5198
238 771 287 868 7⁸
504 767 775 836 conanum
802 767 1037 836 aurorrs

234 900 460 987 terrestribus,
480 900 584 969 tribus
606 897 776 968 navalibus
797 923 805 964 τ
823 900 858 966 in
878 898 997 993 quibus
1015 898 1174 969 ducentas
1196 924 1303 971 naves

236 1010 386 1079 triremes
404 1009 596 1092 amiserant,
614 1030 687 1099 quae
705 1018 810 1098 captae
830 1006 865 1072 in
891 1004 1035 1073 bostium
1057 1022 1218 1076 venerant
1239 1033 1300 1102 po·

236 1127 396 1183 testatem.
412 1110 596 1180 Alcibiades
615 1109 712 1179 simul
729 1135 807 1181 cum
819 1107 953 1205 collegis
966 1127 1137 1206 receperat
1148 1113 1301 1201 Ionum,

236 1217 511 1313 Hellespontum,
534 1216 656 1286 multas
681 1231 840 1311 preterea
861 1216 960 1284 urbes
986 1220 1140 1306 Grecos,
1160 1243 1237 1313 qure
1265 1222 1300 1289 in

235 1349 295 1396 ora
317 1327 385 1395 sire
407 1338 483 1393 sunt
506 1325 607 1410 Asiae,
626 1346 767 1417 quarum
788 1338 1018 1417 expugnarant
1039 1322 1247 1419 complures;
1264 1328 1301 1395 in

236 1431 287 1501 bis
299 1429 519 1525 Byzantium⁹.
535 1431 653 1522 Neque
662 1431 771 1498 minus
784 1427 905 1497 multas
919 1427 1055 1499 consilio
1064 1429 1107 1498 od
1120 1432 1301 1502 amicitiam

237 1537 468 1631 adjunxerant,
486 1534 575 1630 quod
595 1537 630 1603 in
650 1549 764 1628 captos
786 1533 959 1603 clementia
977 1534 1109 1605 fuerant
1129 1538 1189 1606 usi.
1214 1538 1300 1607 lude.

237 1643 348 1738 preda
363 1644 473 1711 onusti
479 1640 515 1729 ¹⁰,
524 1640 724 1736 locupletato
737 1643 901 1727 exercitu,
915 1642 1064 1710 maximis
1074 1641 1173 1711 rebus
1182 1646 1300 1737 gestis,

235 1749 382 1819 Athenas
402 1762 575 1817 venerunt

288 1858 349 1925 vl.
374 1856 433 1923 llis
457 1880 559 1949 quum
581 1851 734 1921 obviam¹
759 1853 911 1921 universa
934 1854 1051 1921 civitas
1075 1854 1111 1921 iu
1138 1856 1300 1924 Piraeeum

235 1960 472 2047 descendisset,
493 1974 586 2028 tanta
611 1958 674 2026 fuit
702 1959 852 2027 omnium
878 1960 1064 2053 expectatio
1091 1960 1221 2029 visendi
1241 1961 1298 2031 Aln

236 2067 390 2153 cibiadis,
408 2080 445 2134 ut
466 2065 507 2136 ad
528 2066 598 2158 ejus
617 2065 787 2133 triremem
805 2063 924 2158 vulgus
944 2064 1143 2154 conflueret,
1160 2067 1298 2162 perinde

236 2175 318 2243 acsi
341 2170 429 2241 solus
447 2171 642 2240 advenisset.
666 2172 720 2239 Sic
737 2171 825 2239 enim
845 2169 970 2266 populo
990 2185 1061 2240 erat
1080 2196 1299 2266 persuastun,

235 2293 271 2348 et
278 2278 433 2348 adversas
446 2278 648 2372 superiores,
667 2291 701 2344 et
715 2291 891 2370 presentes
904 2276 1065 2346 secundos
1077 2302 1130 2347 res
1141 2279 1299 2349 accidisse

236 2385 307 2480 ejus
327 2406 439 2480 opera.
460 2387 577 2477 ltaque
596 2396 630 2451 ct
649 2381 766 2451 Siciliae
785 2384 940 2452 amissum
948 2380 972 2469 ²,
983 2396 1016 2452 et
1031 2383 1298 2461 Lacedaemonio

236 2516 311 2560 rum
333 2492 488 2560 victorias
509 2487 614 2584 culpae
637 2512 704 2558 suae
725 2488 934 2573 tribuebant,
955 2488 1046 2582 quod
1067 2488 1165 2559 talem
1188 2492 1297 2560 virum

236 2623 256 2666 e
272 2598 404 2666 civitate
424 2595 631 2691 expulissent.
651 2596 767 2689 Neque
781 2595 815 2663 id
828 2595 898 2663 sine
917 2618 1015 2664 causa
1034 2596 1187 2665 arbitrari
1200 2596 1297 2666 vide-

235 2703 379 2771 bantur:
395 2726 471 2770 nam
490 2716 663 2796 postquam
683 2703 840 2769 exercitui
857 2725 997 2795 praeesse
1011 2716 1170 2796 coeperat,
1186 2726 1297 2796 neque

235 2824 324 2878 terra
345 2832 451 2902 neque
463 2809 546 2875 mari
559 2807 670 2876 hostes
680 2832 776 2900 pares
792 2831 863 2875 esse
882 2821 1069 2901 potuerant.
1086 2810 1149 2876 llic
1166 2821 1205 2875 ut
1218 2812 1298 2878 navi

235 2939 386 3010 egressus
405 2927 474 3001 est,
492 2936 679 3008 quanquam
696 2914 918 2981 Theramenes
937 2927 971 2981 et
989 2912 1214 3008 Thrasybulus
1234 2917 1297 2984 eis·

235 3021 311 3091 dem
333 3021 432 3089 rebus
453 3018 675 3113 praebuerant,
694 3019 855 3113 simulque
876 3021 1088 3088 venerantia
1111 3022 1298 3109 Piraeeum,

232 3234 347 3294 peterem.
366 3222 429 3274 l’ost
445 3220 564 3273 navalem
579 3236 696 3292 pugnam
709 3218 743 3272 ad
786 3217 927 3282 dideruut,
940 3238 1026 3292 neque
1041 3221 1069 3272 in
1082 3239 1127 3272 eos
1141 3223 1294 3275 socierum.

236 3304 364 3376 Cyzicum
383 3313 538 3373 pugnatam,
554 3300 582 3352 in
604 3318 657 3371 qna
675 3300 745 3352 Min·
786 3298 896 3352 Diodor.
909 3300 989 3363 XlIl,
1004 3303 1050 3369 67.

235 3383 330 3444 datur,
350 3379 610 3435 Lacedemoniomm
630 3380 743 3451 impers-
828 3397 869 3431 ro.
886 3380 978 3430 Praeda
989 3383 1074 3431 onusti.
1092 3377 1164 3432 Vide
1178 3379 1291 3435 Diodor.

236 3475 295 3527 tor,
305 3463 338 3514 ab
347 3458 483 3514 Alcibiade
495 3460 743 3525 interlecmsest,ut
784 3460 865 3524 Xlll,
879 3462 924 3513 68.

236 3541 346 3595 tradunt
360 3541 484 3612 Xenoph.
505 3537 539 3593 de
552 3541 632 3593 rebus
645 3539 742 3605 (ἕως
825 3538 945 3590 Cra.Vl.
957 3556 981 3590 r.
990 3538 1039 3590 His
1051 3557 1122 3610 quun
1130 3539 1291 3605 obvmetc.

236 3621 427 3674 Plutarchusin
435 3620 740 3691 Alcib.;t²01yen.1,erc‚
783 3619 853 3689 Lege
867 3636 926 3689 quae
937 3615 971 3670 de
983 3617 1122 3689 mnguilico
1135 3631 1162 3671 et
1175 3619 1293 3689 glorioso

276 3719 302 3768 9.
315 3702 345 3752 In
355 3702 392 3752 Ιώ
399 3700 554 3769 Byzantium.
567 3699 641 3751 Hanc
648 3699 742 3750 urbem
783 3695 926 3750 Alcibiadis
945 3696 1034 3750 reditu
1054 3698 1151 3768 scripta
1173 3699 1292 3769 relique·

235 3777 388 3850 proditione
396 3791 498 3850 ceptam
511 3777 592 3830 refert
605 3777 740 3848 Xenoph,
782 3789 846 3828 runt
856 3777 1020 3847 Xenophon,
1028 3778 1054 3842 l,
1066 3778 1119 3830 Rer
1134 3775 1182 3830 Gr.
1191 3777 1292 3843 ;Justi·

234 3856 456 3928 proditorumque
478 3858 601 3919 nomina,
619 3857 690 3908 libro
711 3857 739 3921 l,
783 3874 848 3919 nus,
864 3857 906 3922 V,
922 3862 953 3920 4,
967 3869 993 3907 et
1008 3856 1165 3910 Plutarchus
1180 3857 1210 3910 in
1225 3859 1289 3911 vito.

232 3949 358 3989 recenset.
381 3937 442 4000 Qua
465 3934 499 3988 de
520 3955 550 3988 re
572 3935 740 3989 consentiunt
824 3954 848 3986 a.
866 3934 956 3987 Sicilie
973 3940 1092 3989 omissum.
1116 3928 1191 4000 Arsai
1211 3939 1291 4008 ῥηθέν.

233 4013 737 4080 Diodorus‚XlII,66,etPlutarchus.
780 4013 827 4065 Est
842 4017 888 4085 qui
907 4015 970 4085 legit
984 4016 1119 4068 admissum.
1131 4016 1211 4068 -ld
1226 4018 1294 4084 quod

232 4095 390 4148 —Corrsr'lr'a
400 4096 461 4160 Quo
470 4094 581 4147 consilio
589 4094 684 4146 multas
693 4095 738 4146 Al·
781 4112 900 4165 nunquam
906 4107 977 4145 antea
985 4108 1146 4157 usrroenemt,
1156 4107 1208 4150 etc.
1215 4096 1292 4151 Prio-

231 4174 347 4229 cibiades
359 4175 409 4227 sibi
421 4171 738 4244 nrbesadjunxerit,vide
779 4191 821 4226 rer
836 4192 890 4226 non
906 4187 984 4245 negat
999 4173 1079 4227 duces
1087 4175 1194 4228 coronis
1210 4176 1291 4230 tuine

232 4253 523 4325 Front.Strateg.11‚5‚
533 4254 688 4319 44;Ill,a,
702 4258 736 4317 6,
779 4253 938 4319 honoratos,
958 4253 1004 4307 sed
1020 4255 1086 4306 nulli
1103 4268 1200 4326 preter
1217 4257 1290 4310 Alci·

230 4352 257 4391 et
265 4338 315 4402 111,
324 4333 576 4405 9,6.--Clementia
579 4336 682 4400 suerunt
690 4338 735 4387 usi.
779 4333 884 4386 biadem
905 4335 932 4385 in
949 4334 1065 4405 ingressu
1081 4335 1161 4387 fuisse
1177 4337 1289 4408 evulgo

230 4417 298 4468 Nam
314 4415 466 4486 Byzantinis
481 4432 555 4467 suam
565 4415 660 4468 urbem
675 4412 736 4468 red·
779 4414 929 4485 promiscue
938 4415 1051 4484 ingestas
1060 4413 1207 4468 contendit.
