2768 5198
232 772 280 865 74
501 769 770 837 CORNELII
798 769 1026 837 NEPOTIS

228 914 367 996 poterat.
391 899 636 994 Aspergebatur
655 902 754 969 etiam
772 899 906 969 infamia
914 899 938 988 ⁹,
954 900 1044 995 quod
1062 901 1097 968 in
1116 895 1217 967 domo
1232 922 1293 968 sua

229 1005 339 1076 facere
364 1007 519 1100 mysteria
539 1006 732 1093 dicebatur3
754 1006 844 1101 quod
865 1005 957 1075 nefas
978 1020 1050 1075 erat
1070 1029 1164 1074 more
1185 1004 1294 1073 Athe-

229 1113 392 1181 niensium
406 1138 413 1179 :
429 1113 527 1205 idque
543 1137 609 1180 non
623 1113 665 1181 ad
681 1111 888 1208 religionem,
901 1113 958 1181 sed
972 1112 1015 1180 ad
1030 1111 1294 1205 conjurationem

230 1220 396 1312 pertinere
417 1218 673 1288 existimabatur.

281 1326 341 1392 IV.
363 1327 436 1393 Hoc
463 1326 600 1394 crimine
621 1327 655 1392 in
676 1323 860 1395 concione¹
889 1323 931 1392 ab
952 1325 1090 1393 inimicis
1110 1320 1295 1417 compella-

230 1429 340 1499 batur.
371 1430 437 1500 Sed
459 1431 602 1500 instabat
623 1445 755 1527 tempus
776 1431 820 1500 ed
845 1429 968 1500 bellum
991 1427 1230 1524 proficiscendi.
1254 1427 1296 1495 ld

229 1533 284 1604 ille
300 1537 454 1623 intuens,
476 1561 583 1631 neque
608 1539 764 1631 ignorans
783 1538 906 1606 civium
929 1561 1066 1606 suorum
1083 1533 1295 1604 consuetudi·

231 1666 328 1729 nem,
350 1641 559 1736 postulabat,
583 1658 636 1727 ut,
659 1646 685 1713 si
709 1643 788 1738 quid
810 1644 907 1712 dese
930 1640 1002 1737 agi²
1024 1640 1162 1725 vellent,
1184 1641 1296 1734 potius

231 1747 273 1817 dc
291 1764 451 1843 praesente
469 1751 604 1844 quaestio
624 1750 819 1836 baberetur,
833 1772 932 1843 quam
950 1749 1067 1817 absens
1081 1745 1213 1816 invidiae
1227 1747 1296 1814 cri-

230 1854 319 1923 mine
340 1870 560 1925 accusaretur.
575 1857 704 1925 Inimici
722 1881 801 1924 vero
822 1856 893 1949 ejus
905 1853 1139 1949 quiescendum
1154 1855 1189 1921 in
1211 1875 1296 1945 prae-

232 1962 333 2048 senti,
351 1946 569 2055 quianoceri³
587 1986 655 2030 non
667 1986 763 2057 posse
773 1959 1014 2057 intelligebant,
1028 1975 1062 2029 et
1070 1958 1150 2027 illud
1162 1973 1297 2052 tempus

233 2067 474 2160 expectandum
496 2067 735 2154 decreverunt,
755 2093 822 2163 quo
844 2071 979 2151 exisset,
1004 2081 1040 2135 ut
1058 2067 1104 2134 sic
1124 2065 1296 2133 absentem

233 2170 511 2267 aggrederentur3
533 2174 643 2267 itaque
664 2174 822 2244 fecerunt
841 2176 947 2262 Nam,
965 2187 1140 2268 postquam
1161 2172 1194 2238 in
1216 2170 1295 2239 Sici·

233 2276 311 2346 liam
329 2302 405 2346 eum
427 2280 615 2373 pervenisse
637 2268 874 2365 credideruntl,
889 2280 1075 2364 absentem,
1091 2275 1182 2371 quod
1202 2298 1298 2345 sacra

234 2381 407 2471 violasset,
426 2410 518 2453 rcum
544 2384 701 2455 fecerunt.
723 2387 800 2475 Qua
820 2385 862 2454 de
887 2411 923 2453 re
949 2410 1050 2479 quum
1071 2385 1101 2452 ei
1122 2382 1258 2451 nuntius
1278 2404 1298 2448 a

235 2493 428 2585 magistratu
447 2493 481 2559 in
500 2490 643 2560 Siciliam
655 2494 773 2561 missus
786 2506 888 2578 esset,
906 2506 943 2560 ut
956 2491 1092 2559 domum
1105 2488 1148 2557 ad
1162 2511 1298 2556 causam

236 2671 403 2741 μισάνθρωπον
420 2671 552 2724 Lucienus
567 2673 633 2743 sing.
653 2672 744 2725 libello
790 2672 892 2726 Absens.
909 2670 989 2738 Quod
1005 2683 1091 2724 tamen
1107 2680 1196 2721 contra
1211 2666 1298 2735 legem

237 2746 363 2814 inducit,
391 2749 554 2803 Alcibiadem
583 2750 745 2815 adamabat,
788 2752 990 2818 Atheniensium
1012 2762 1075 2803 eret.
1100 2745 1170 2799 Vide
1188 2746 1298 2797 Rever-

237 2827 310 2900 quod
324 2847 419 2900 magno
431 2831 501 2882 malo
514 2830 589 2882 illum
603 2829 745 2901 aliquando
789 2829 867 2897 dum,
878 2820 984 2883 Verior.
993 2832 1028 2895 V,
1044 2832 1070 2882 8.
1088 2830 1299 2880 monemus.-

238 2907 442 2961 Atbeniensibus
456 2909 526 2974 iore,
540 2923 569 2962 ut
586 2910 666 2963 relert
681 2911 745 2963 Plu·
788 2911 890 2963 Invidia
909 2915 1014 2963 crinitae.
1034 2906 1192 2961 invidorum
1206 2904 1297 2958 crimi-

237 2988 357 3051 terchus,
369 2988 527 3060 praesagiret.
790 2991 952 3042 nationibus.

279 3068 574 3138 9.Aspergebaturetiam
585 3070 745 3135 insanimus
830 3071 855 3123 3.
872 3070 968 3122 Noeeri.
985 3070 1025 3120 Ita
1039 3085 1132 3120 rursus
1145 3076 1172 3118 et
1183 3063 1298 3121 cicero.

240 3147 334 3200 Cicero
354 3166 405 3217 pro
418 3148 514 3215 Caelio,
526 3166 583 3220 cap.
600 3149 646 3200 X:
663 3173 674 3195 ι
690 3148 745 3213 Qui
789 3150 846 3202 Cet.
860 3150 950 3213 111‚c.
965 3146 1111 3202 rat-Mihi
1125 3142 1236 3218 quidem
1246 3141 1299 3213 ipsi

239 3226 313 3280 istius
329 3227 390 3279 lecti
409 3246 464 3280 non
484 3226 565 3280 modo
580 3228 744 3299 suspicione,
788 3229 856 3281 nihil
865 3231 920 3301 jem
930 3230 963 3281 ab
974 3228 1028 3280 istis
1040 3229 1118 3278 noceri
1130 3222 1298 3296 potest-Al.

239 3305 286 3359 sed
304 3324 338 3358 ne
359 3308 459 3372 infamia
477 3306 585 3379 quidem
605 3320 645 3359 est
664 3305 745 3379 asper·
788 3326 871 3360 nocere
884 3329 910 3360 se
922 3312 951 3360 ei.
962 3339 1003 3350 -
1014 3308 1099 3378 Itaque
1108 3304 1228 3370 ,fecem
1244 3300 1300 3353 Pm

239 3405 287 3438 sris.
297 3387 449 3439 n-Faeere
464 3391 583 3458 mysteria.
595 3385 628 3439 Id
642 3400 695 3454 est,
706 3406 748 3440 ce·
788 3401 813 3439 et
823 3391 859 3440 ita
871 3388 997 3442 fecerunt.
1007 3387 1045 3439 Ut
1054 3381 1172 3438 occurrit
1184 3381 1214 3433 in
1226 3379 1301 3433 Cice·

239 3465 342 3519 lebret-e
362 3484 434 3520 secra
450 3467 567 3531 Cereris,
584 3485 629 3520 seu
644 3468 747 3520 Eleusi·
789 3486 855 3520 rone
877 3480 903 3520 et
918 3467 1012 3531 Livio,
1026 3464 1124 3538 passim
1137 3480 1146 3527 ;
1161 3473 1189 3514 et
1202 3460 1232 3513 in
1246 3460 1299 3512 Te·

239 3545 297 3601 nit.
306 3563 365 3616 que
375 3565 424 3617 per
434 3547 614 3600 excellentiam
623 3547 747 3619 mysterio
789 3548 892 3614 teritio,
907 3545 990 3598 Andr.
1004 3547 1063 3610 111,
1080 3563 1096 3614 9
1115 3562 1122 3596 τ

240 3622 403 3679 dicebantur.
429 3627 519 3679 Facere
539 3631 650 3698 mysteria
673 3645 748 3678 more
816 3634 893 3672 lmoit·
905 3632 1031 3686 volvatur-e
1039 3627 1204 3685 purulentia,

240 3702 395 3756 Grncorum
405 3704 582 3759 adhibuistis
592 3704 661 3778 apud
672 3706 747 3759 Thu·
790 3706 843 3759 Pro
855 3720 880 3758 et
889 3706 994 3777 postulo
1010 3718 1040 3758 ut
1050 3706 1096 3758 list
1107 3709 1152 3756 ita.

241 3779 331 3851 cydid.
341 3784 382 3848 11,
396 3785 531 3848 renconis
546 3787 673 3850 Διονύσια,
682 3786 747 3836 Bac·
832 3792 858 3849 4.
870 3786 1001 3856 Postquam
1015 3789 1041 3837 in
1053 3785 1162 3838 Siciliam
1175 3806 1229 3839 etos
1241 3806 1300 3857 per»

241 3861 358 3914 chaualie
374 3863 466 3916 iacere.
482 3866 524 3917 De
534 3863 666 3935 mysteriis
679 3861 748 3915 adde
791 3867 878 3916 senisse
893 3865 1050 3916 erediderunt.
1064 3866 1202 3931 Iustinus,
1218 3867 1255 3931 V,
1269 3886 1301 3932 ι,

241 3941 281 3992 De
294 3940 377 3992 Sainte
393 3942 480 4004 (ἰωὰ,
494 3943 637 3995 Rechnlres
652 3963 695 3994 sur
714 3944 748 3994 les
790 3943 1303 4008 hoeaccidissenarrat,·dumAtbenien·

241 4023 351 4091 mysteres
366 4021 401 4072 du
412 4026 560 4092 paganisme.
790 4041 830 4077 ses
844 4024 871 4077 in
885 4023 973 4077 Sicilie
988 4024 1087 4078 bellum
1098 4044 1147 4096 per
1160 4025 1301 4079 biennium

282 4099 347 4152 Cer.
363 4101 412 4152 IV.
432 4120 455 4153 t.
470 4103 526 4154 Hoc
538 4105 634 4153 crimine
647 4104 672 4152 in
690 4121 747 4153 eon-
791 4103 913 4174 cupidius
933 4124 1013 4177 quam
1036 4104 1137 4157 felicius
1159 4117 1265 4176 gerunt.
1287 4132 1298 4152 ι

241 4181 321 4239 dom,
336 4191 385 4232 etc.
398 4179 457 4233 Hoc
468 4181 578 4234 crimine
589 4182 623 4233 eb
634 4180 748 4235 inimicis
790 4183 954 4238 Alcibiadem
967 4202 1045 4250 vero,
1058 4197 1123 4237 teste
1139 4184 1302 4250 Plutarcho,

241 4260 270 4312 in
284 4258 458 4312 conventibus
477 4259 590 4331 publicis
611 4260 748 4314 accusaba-
792 4283 847 4316 non
863 4266 937 4336 prius
956 4262 1064 4317 rediisse
1082 4277 1208 4336 apparet,
1222 4282 1303 4336 quem

243 4352 295 4392 tur.
316 4338 369 4392 Alii
380 4340 471 4410 legunt
485 4345 510 4390 s'n
525 4344 703 4394 contentionem.
792 4343 925 4415 ingentem
938 4345 965 4396 in
979 4343 1066 4397 Sicilie
1074 4343 1177 4398 cladem
1186 4345 1303 4417 aceepit·

286 4437 312 4472 ι.
326 4421 387 4490 Agr.
405 4419 438 4473 ln
458 4417 560 4491 jndicio
580 4421 696 4475 mactari
708 4452 749 4467 --
792 4436 850 4476 sent
865 4424 1046 4477 Athenienses.
